2071 3219
884 78 1172 120 -62-

210 207 348 249 dimus
378 221 454 263 per
487 207 666 258 ‹dazu‚›
709 220 811 249 nam
853 206 985 249 ferme
1015 221 1092 264 pro
1124 206 1332 264 particula
1361 206 1606 263 copulativa
1635 207 1704 250 vel
1733 222 1839 252 euu-

212 278 417 319 merativa
446 278 492 318 in
522 277 648 319 initio
678 277 914 318 sententiae
951 277 1143 332 ponitur:
1191 277 1237 318 in
1266 276 1319 318 A.
1352 275 1459 329 ΧΠ,
1501 278 1576 328 20,
1624 278 1651 319 5
1681 277 1741 320 ad
1768 277 1841 321 hoc

209 363 329 404 reyes
350 349 518 403 feroces,
562 362 687 403 vayos
709 347 902 402 populos,
945 348 1078 391 solum
1113 349 1290 404 fraqam
1319 362 1488 402 eqenum
1517 348 1591 402 (sc.
1622 363 1728 400 esse,
1759 349 1839 392 im·

211 420 410 470 minere);
443 419 513 470 34,
549 419 569 460 1
594 418 667 460 Ad
686 418 758 461 hoe
787 419 970 474 yentiam
991 418 1173 462 ductores
1202 418 1432 470 circumire,
1463 419 1639 471 hortari,
1665 419 1841 473 firmare

211 491 399 541 animos‚·
429 488 548 540 XIII,
582 490 652 540 34,
687 490 741 531 14
762 490 821 532 ad
850 490 922 532 hoc
941 490 1141 533 Armenii
1171 489 1369 545 ambiana
1395 489 1481 544 fide
1507 488 1687 544 utraque
1715 503 1839 533 arma

210 559 465 611 invitabant5
509 559 625 610 XIV,
659 560 728 610 24,
762 561 811 610 3;
857 561 925 610 31,
960 561 1041 611 17;
1083 559 1173 611 XV,
1206 561 1245 611 4,
1277 560 1326 608 ὅς
1360 560 1428 611 38,
1463 561 1531 611 13,
1562 562 1606 601 et
1635 560 1763 602 semel
1793 560 1838 602 in

211 628 409 672 Historiis
439 629 483 671 in
514 630 542 671 l.
575 630 608 679 I,
656 630 695 681 6,
742 631 791 671 11
838 617 1072 683 invenitur,
1114 631 1227 686 quod
1266 630 1389 672 simul
1430 631 1565 672 solum
1603 631 1838 686 exemplum

211 703 293 751 est,
334 700 377 740 in
411 715 495 754 quo
525 715 610 741 non
644 701 781 755 primo
812 701 903 742 loeo
934 701 1039 743 haec
1070 701 1252 743 formula
1281 701 1484 743 collocata
1514 700 1588 743 sit:
1630 700 1752 743 multi
1781 699 1840 744 ad

209 772 282 813 hoc
310 772 474 813 numeri
504 786 525 812 e
556 770 789 813 Germania
819 785 868 814 ae
899 772 1133 814 Britannia
1162 776 1199 814 et
1229 771 1406 825 Illyrico
1436 769 1509 825 (se.
1534 771 1740 822 aderant).
1773 770 1837 813 Cf.

210 841 261 883 de
292 841 372 883 hae
403 840 603 891 formula,
639 855 724 895 qua
754 841 946 883 historici
976 844 1146 883 tantum
1177 844 1221 882 et
1251 841 1491 883 recentioris
1519 840 1672 882 aetatis
1703 840 1838 895 scrip-

209 913 323 954 tores
354 911 586 954 utebantnr
616 910 834 955 Handium
866 911 912 954 in
943 911 1062 956 Turs.
1097 910 1130 963 Ι,
1163 928 1204 967 p.
1239 912 1333 955 123.
1344 910 1376 967 ¹)
1412 936 1456 943 —

329 1001 369 1041 2.
402 999 565 1041 Deinde
598 1014 672 1055 per
703 999 925 1042 accedendi
956 1000 1009 1041 ad
1041 1000 1199 1055 aliquid
1231 1000 1447 1042 notionem
1478 999 1695 1055 exprimit,
1738 1008 1838 1040 rem

212 1080 313 1112 oum
346 1067 440 1111 alia
469 1067 518 1110 111
560 1066 892 1111 communitate
937 1079 1040 1110 esse
1078 1068 1154 1110 vel
1192 1066 1283 1110 niti
1326 1079 1401 1126 ea,
1443 1071 1699 1124 quapropter
1744 1082 1837 1110 cum

212 1154 262 1181 ea
283 1139 541 1195 iungendam
563 1153 669 1181 esse:
702 1136 937 1192 pertinere
961 1137 1041 1181 ad:
1063 1139 1107 1181 in
1131 1139 1185 1182 H.
1204 1139 1237 1190 Ι,
1258 1140 1327 1190 30,
1350 1135 1402 1181 21
1427 1140 1456 1194 †
1471 1140 1530 1182 ad
1549 1151 1624 1182 nos
1643 1138 1839 1182 scelerum

211 1211 369 1260 exitus,
416 1208 614 1251 bellorum
659 1210 718 1251 ad
757 1223 828 1251 vos
865 1210 1153 1261 pertinebunt5
1197 1209 1275 1259 III,
1320 1211 1387 1258 19,
1436 1211 1484 1250 11
1521 1209 1544 1233 *
1578 1212 1839 1263 expuqnatae

213 1277 362 1333 (urbis)
387 1278 598 1333 praedam
629 1278 687 1321 ad
717 1279 907 1332 militem,
939 1279 1102 1323 deditae
1122 1279 1180 1322 ad
1199 1280 1322 1323 duces
1344 1280 1576 1333 pertinere,·
1605 1276 1680 1330 IV,
1704 1278 1742 1328 7,
1765 1278 1792 1320 9
1814 1276 1838 1302 *

204 1350 421 1403 pertinere
450 1349 508 1391 ad
537 1349 756 1392 utilitatem
786 1351 850 1391 rei
872 1349 1079 1402 publicae,
1102 1351 1317 1403 pertinere
1346 1350 1403 1391 ad
1433 1349 1685 1403 Vespasiani
1714 1348 1838 1391 hono-

210 1432 323 1471 rem,·
355 1419 424 1469 52,
458 1418 483 1459 8
516 1420 537 1442 *
552 1417 741 1472 'quorum
764 1420 988 1472 prosperis
1016 1423 1055 1461 et
1074 1420 1153 1462 alii
1180 1420 1397 1472 fruantur,
1431 1420 1609 1462 adversa
1638 1418 1696 1461 ad
1722 1418 1838 1460 iunc-

211 1490 388 1532 tissimos
409 1490 671 1542 pertineant;
713 1488 764 1532 A.
797 1488 876 1540 III,
909 1490 978 1541 22,
1015 1491 1068 1531 14
1099 1489 1122 1514 *
1152 1490 1210 1532 ad
1238 1491 1403 1532 domam
1434 1504 1577 1542 suam,·
1614 1489 1685 1539 48,
1723 1489 1748 1529 2
1780 1488 1839 1529 ad

210 1563 384 1601 veterem
408 1558 648 1609 familiam;
694 1557 770 1604 IV.
804 1559 849 1608 8,
893 1560 948 1600 26
980 1559 1008 1610 †
1037 1563 1083 1601 ut
1119 1560 1222 1601 bana
1261 1559 1452 1613 malaque
1487 1563 1623 1601 vestra
1659 1556 1716 1600 ad
1749 1571 1838 1599 rem

203 1627 418 1681 publicam
451 1628 704 1679 pertineant.
767 1626 917 1680 Itaque
957 1627 1042 1668 fere
1079 1642 1164 1668 non
1206 1628 1287 1669 nisi
1318 1628 1363 1668 in
1395 1627 1656 1669 orationibus
1687 1627 1762 1668 aut
1792 1626 1836 1667 in

210 1711 401 1738 sermone
431 1696 602 1750 obliquo
633 1696 743 1738 hane
776 1711 919 1738 vocem
951 1696 1122 1738 Tacit-us
1153 1697 1293 1739 habet.
1341 1697 1412 1751 (ef.
1458 1697 1600 1739 Hand.
1641 1696 1761 1737 Turs.
1802 1695 1836 1744 Ι,

211 1781 251 1821 p.
287 1765 404 1820 117.)

330 1846 552 1888 Formulae
595 1860 703 1902 quae
747 1849 872 1888 sunt:
918 1844 1036 1901 quod
1080 1840 1250 1889 attinet
1289 1844 1346 1889 ad
1386 1850 1428 1889 et
1458 1846 1675 1902 quantum
1705 1844 1762 1889 ad
1792 1847 1836 1889 in

211 1918 311 1960 solis
342 1917 573 1959 minoribus
593 1917 760 1972 seriptis
790 1918 1079 1968 inveniuntur,
1111 1933 1204 1960 eum
1230 1918 1368 1959 latiori
1390 1919 1569 1960 orationi
1589 1918 1836 1968 inserviant,

212 2001 340 2041 quam
371 1986 417 2028 in
437 1985 639 2029 Historiis
671 1987 937 2042 maximeque
968 1987 1013 2029 in
1036 1988 1275 2030 Annalibus
1295 1989 1458 2043 respuit
1479 1988 1662 2031 Tacitus.
1695 1986 1835 2029 Unum

210 2059 379 2099 tantum
413 2057 651 2112 exemplum
683 2059 799 2098 extat
829 2058 873 2098 in
906 2056 1191 2099 Historiarum
1223 2058 1251 2102 l.
1287 2056 1337 2102 V.
1372 2059 1440 2109 10,
1474 2059 1512 2109 8,
1545 2058 1618 2099 ubi
1649 2058 1834 2115 legatur:

210 2142 346 2169 annus
376 2152 433 2158 —
465 2131 664 2181 quantum
695 2128 752 2168 ad
781 2127 966 2169 Judaeos
1002 2141 1085 2180 per
1105 2129 1241 2182 otium⁴
1262 2129 1443 2171 transiit.
1506 2127 1703 2168 Formula
1732 2126 1838 2179 quod

211 2198 357 2239 attinet
387 2199 451 2238 est
481 2197 525 2238 in
557 2194 610 2238 D.
644 2196 726 2248 25,
770 2196 824 2238 32
863 2198 904 2238 et
934 2195 1017 2251 Ag.
1052 2197 1126 2248 33,
1168 2196 1224 2239 23
1266 2197 1317 2251 †;
1354 2201 1554 2258 quantum
1591 2198 1649 2241 ad
1679 2197 1723 2238 in
1756 2194 1836 2250 Ag.

211 2268 281 2319 44,
315 2268 360 2317 83
393 2267 444 2309 Gr.
477 2268 547 2317 21,
583 2267 660 2316 113
693 2266 747 2308 H.
782 2266 835 2317 V,
872 2267 938 2319 10,
972 2268 1011 2309 8.
1040 2291 1090 2296 -

331 2357 371 2399 3.
405 2355 595 2396 Eandem
626 2355 711 2395 vim
744 2355 997 2409 praepositio
1028 2355 1170 2406 habet,
1204 2355 1241 2395 si
1264 2355 1468 2408 quaedam
1490 2356 1616 2397 verba
1636 2353 1836 2409 sequitur,
1894 2349 1899 2353 ’

211 2439 388 2481 quorum
411 2424 500 2468 sola
521 2423 835 2481 significatione
861 2423 920 2475 fit,
953 2428 1000 2466 ut
1030 2440 1114 2467 non
1146 2440 1234 2467 rem
1267 2424 1396 2467 aliam
1426 2425 1475 2467 ad
1508 2440 1594 2467 rem
1627 2425 1838 2480 pertinere

211 2495 284 2535 sed
326 2491 562 2547 pertinere
607 2504 667 2535 ex
711 2490 943 2534 sententia
984 2491 1107 2552 eius,
1151 2492 1228 2550 qui
1270 2491 1376 2549 agit
1419 2493 1639 2551 exprimat.
1686 2518 1731 2525 -—
1768 2492 1838 2536 Ita

166 2722 175 2732 ,
311 2692 358 2736 '¹)
383 2692 610 2739 Saepissime
641 2692 844 2729 Sallustius
875 2703 957 2728 eam
994 2692 1129 2734 habet,
1163 2693 1267 2729 euius
1302 2705 1348 2730 ex
1374 2692 1541 2730 Catilina
1577 2693 1837 2739 Jugurthaque

211 2752 375 2798 repetita
399 2753 572 2798 exempla
597 2752 687 2788 haee
713 2754 818 2788 sunt:
853 2750 933 2787 Cat.
963 2752 1016 2793 14,
1042 2752 1079 2793 3;
1116 2751 1169 2794 17,
1195 2752 1236 2792 4;
1266 2751 1323 2792 21,
1349 2752 1386 2795 33
1419 2752 1476 2793 26,
1502 2752 1540 2795 4;
1572 2751 1628 2791 30,
1653 2752 1690 2792 6;
1714 2752 1772 2795 31,
1795 2752 1837 2791 3;

212 2813 251 2854 83
288 2812 345 2852 37,
375 2811 435 2852 103
459 2811 516 2853 44,
542 2811 579 2853 6;
606 2811 662 2852 53,
688 2811 727 2854 3;
751 2810 836 2856 Jug.
854 2809 887 2852 2,
913 2809 952 2852 2;
979 2810 1012 2851 6,
1041 2811 1078 2852 1;
1102 2809 1140 2852 33
1182 2809 1236 2851 17,
1262 2810 1301 2852 6;
1336 2811 1393 2852 31,
1419 2809 1464 2846 28
1482 2812 1522 2855 †;
1560 2810 1606 2846 29
1634 2811 1676 2854 †;
1711 2811 1769 2852 43,
1798 2810 1834 2851 3;

211 2869 270 2911 49,
294 2870 374 2910 4*;
399 2870 457 2913 67,
485 2871 521 2910 1;
547 2870 602 2910 75,
629 2871 670 2910 5;
697 2870 753 2910 85,
780 2870 859 2911 4†;
885 2869 941 2909 89,
968 2869 1007 2910 5;
1034 2869 1091 2912 91,
1116 2868 1152 2911 63
1178 2868 1234 2909 96,
1259 2870 1296 2910 2;
1325 2870 1403 2910 102,
1428 2871 1508 2912 6†;
1534 2869 1612 2910 111,
1638 2869 1671 2903 2.
