2071 3219
878 107 1168 149 -33-

453 387 519 442 B.
561 387 717 453 ,‚A‹1“
741 401 915 443 sensu
952 387 1271 457 temporali
1307 388 1584 456 positum.

454 546 493 580 a.
531 530 596 581 De
633 530 876 581 directione
914 531 971 581 ad
1007 536 1185 596 tempus
1221 546 1379 582 versus
1417 530 1597 582 dicitur.

324 648 429 690 Cum
460 649 630 691 omnino
667 649 768 691 ‹ad›
805 649 1027 704 temporali
1062 649 1103 692 vi
1140 652 1392 705 usurpatum
1426 664 1511 691 non
1555 664 1679 704 saepe
1720 650 1834 705 apud

205 718 398 762 Tacitum
422 718 675 772 inveniatur,
707 719 742 762 si
773 719 883 762 locos
909 733 1002 762 cum
1024 719 1298 775 multitudine
1328 733 1472 762 eorum
1503 718 1690 762 locorum
1722 733 1834 762 com-

204 805 416 844 paramus,
449 790 493 830 in
525 791 676 844 quibus
697 791 841 831 eadem
867 791 1123 846 praepositio
1154 791 1205 832 de
1234 792 1325 832 loeo
1356 791 1482 841 valet,
1514 794 1658 831 tamen
1679 791 1833 832 mirum

203 865 280 912 est,
312 861 423 915 quod
454 860 543 901 eius
573 860 904 916 significationiS,
951 862 1001 903 de
1032 876 1117 916 qua
1146 876 1261 902 nunc
1291 861 1502 916 agendum
1534 864 1611 912 est,
1642 861 1716 902 ubi
1745 861 1832 903 fere

203 931 280 974 sit:
321 945 460 988 gegen
490 930 586 984 hin,
629 946 762 974 unum
793 934 964 974 tantum
996 932 1237 988 exemplum
1267 934 1405 985 extat,
1438 931 1549 987 quod
1580 931 1758 989 legimus
1787 931 1833 973 in

201 1001 254 1045 A.
287 1002 343 1053 II,
377 1003 446 1053 21,
484 1003 536 1042 14
567 1003 625 1044 ad
653 1006 805 1045 noctem
835 1016 978 1045 cruore
1006 1004 1184 1045 satiatae
1213 1010 1319 1045 sum.
1330 1002 1361 1055 ¹)
1394 1003 1552 1044 Eodem
1584 1017 1709 1045 sensu
1740 1003 1833 1044 aliis

204 1073 305 1115 loeis
337 1072 691 1128 praepositionem
726 1074 856 1115 «sub»
891 1089 980 1115 esse
1010 1073 1169 1125 voluit,
1216 1073 1287 1116 sed
1330 1088 1414 1115 non
1456 1073 1538 1115 nisi
1573 1073 1619 1115 in
1649 1073 1832 1116 formula

203 1143 276 1185 illa
296 1144 370 1186 sub
401 1145 511 1186 idem
532 1148 704 1200 tempus,
728 1159 834 1200 quae
858 1145 984 1186 verba
1006 1144 1199 1187 omnibus
1220 1144 1321 1187 locis
1343 1144 1388 1186 in
1410 1144 1533 1186 initio
1557 1144 1693 1200 posita
1717 1147 1829 1196 sunt,

202 1214 301 1267 (loci
321 1218 464 1256 autem
485 1216 571 1256 fere
593 1231 737 1257 omnes
766 1216 811 1256 in
828 1216 1067 1257 *Annalibus
1088 1216 1375 1270 reperiuntur:
1398 1215 1442 1256 in
1464 1215 1517 1256 H.
1538 1215 1595 1266 II,
1620 1217 1659 1266 8,
1686 1217 1701 1256 1
1719 1231 1729 1263 ;
1752 1215 1828 1266 IV,

203 1286 271 1342 48,
307 1287 353 1336 1;
391 1286 442 1327 A.
476 1286 532 1337 ΙΙ,
565 1288 634 1337 27,
670 1289 716 1337 1;
760 1287 836 1338 ΙΙΙ,
871 1288 939 1339 48,
975 1288 1019 1336 1;
1062 1283 1134 1338 64,
1169 1288 1214 1336 1;
1256 1286 1331 1338 IV,
1366 1288 1437 1338 16,
1474 1288 1520 1337 1;
1561 1286 1641 1338 VI,
1675 1287 1746 1338 26,
1784 1290 1828 1336 1;

201 1355 274 1417 XI,
309 1357 347 1409 8,
384 1358 432 1408 13
463 1356 560 1410 XII,
596 1358 663 1409 56,
699 1358 742 1409 1;
776 1356 890 1409 XIV,
921 1358 984 1409 17,
1021 1357 1067 1406 13
1100 1355 1195 1409 XV,
1230 1357 1269 1409 7,
1305 1358 1361 1409 1),
1394 1359 1443 1397 ut
1464 1356 1630 1412 saepius
1652 1356 1825 1398 Tacitus

200 1427 449 1481 quibusdam
473 1428 661 1469 formulis
689 1428 829 1483 capita
850 1428 1032 1483 incipere
1054 1428 1173 1478 solet,
1206 1430 1281 1469 aut
1302 1427 1454 1481 quibus
1486 1427 1635 1474 utitur,
1669 1427 1705 1468 si
1736 1441 1827 1468 om·

199 1497 300 1539 nino
331 1499 383 1540 ad
415 1513 567 1540 novam
599 1514 687 1541 rem
720 1498 872 1554 pergit,
904 1513 987 1553 quo
1018 1498 1147 1540 etiam
1179 1498 1367 1553 pertinet
1397 1498 1579 1540 formula
1608 1512 1684 1550 per
1715 1498 1826 1541 idem

198 1568 411 1623 tcmpus.²)
457 1569 517 1612 Ut
548 1569 628 1612 hoo
659 1569 809 1612 statim
841 1569 1062 1612 addamus:
1102 1571 1240 1625 potest
1271 1568 1400 1611 etiam
1432 1568 1671 1625 significare
1702 1583 1824 1624 prae-

198 1640 349 1693 positio
374 1640 522 1691 «sub,»'
544 1641 701 1694 aliquid
725 1640 870 1683 eodem
892 1643 1080 1695 tempore
1103 1641 1169 1682 vel
1201 1640 1326 1682 simul
1346 1654 1442 1681 cum
1474 1639 1558 1681 alia
1588 1654 1632 1681 re
1664 1639 1825 1682 factum

197 1723 307 1759 esse,
348 1710 466 1751 cuius
496 1725 596 1752 usus
628 1710 710 1752 duo
742 1711 936 1766 exempla
968 1710 1079 1766 apud
1111 1710 1303 1752 Tacitum
1334 1710 1583 1764 reperimus,
1626 1710 1672 1750 in
1704 1709 1758 1751 H.
1792 1709 1823 1762 I,

198 1780 252 1820 52
265 1811 275 1830 ,
321 1781 341 1820 1
377 1780 461 1822 Sub
490 1782 607 1834 ipsas
636 1783 868 1834 superioris
907 1782 1009 1822 amzi
1048 1781 1251 1822 kalendas
1290 1780 1536 1822 Decembres
1572 1804 1613 1809 —
1653 1780 1823 1822 hiberna

195 1849 400 1903 lcyionum
433 1876 486 1881 —-
520 1844 698 1903 adierat,
731 1852 804 1893 ubi
835 1852 1074 1906 adpositum
1105 1865 1350 1906 pronomen,
1384 1865 1469 1905 qua
1500 1850 1662 1892 ratione
1693 1850 1823 1892 intel-

195 1918 377 1975 legenda
408 1920 465 1962 sit
496 1920 764 1977 praepositio,
797 1920 995 1964 ostendit.
1030 1919 1297 1963 Simil-limum
1319 1921 1456 1962 locum
1482 1920 1611 1963 habet
1640 1919 1693 1965 A.
1716 1919 1824 1962 liber

195 1990 270 2039 VI,
304 1992 359 2031 30
374 2024 384 2041 ,
431 1993 482 2032 19
515 1993 589 2033 sub
620 1994 779 2034 verbere
809 1994 1079 2043 centurionis,
1122 1993 1229 2033 'inter
1264 2006 1474 2033 scrkum
1504 1994 1609 2033 ictus
1638 1996 1822 2033 ext-rema

193 2062 300 2103 vitae
329 2061 527 2104 alimenta
554 2064 717 2115 frustra
748 2067 942 2105 orantem.
976 2062 1085 2103 Tum
1116 2064 1258 2103 autem
1289 2062 1476 2103 eiusdem
1499 2061 1822 2117 praepositionis

194 2131 254 2172 vis
286 2146 371 2173 esse
404 2135 565 2187 potest:
605 2133 750 2174 statim
784 2135 880 2187 post
911 2132 1081 2187 aliquod
1111 2135 1292 2187 tempus,
1325 2135 1374 2174 ut
1403 2146 1482 2173 nos
1512 2132 1708 2173 dicimus:
1741 2146 1820 2172 un-

194 2202 414 2243 mittelbar
444 2203 528 2253 auf,
561 2218 655 2244 cum
688 2204 858 2257 propria
889 2204 946 2244 sit
977 2203 1231 2258 significatio
1253 2203 1577 2257 praepositionis
1598 2202 1820 2244 accedendi

195 2270 246 2313 ad
280 2271 431 2323 locum,
476 2272 549 2327 qui
579 2288 703 2328 super
734 2287 830 2315 eum
860 2272 1016 2324 locum,
1060 2272 1104 2314 in
1140 2287 1222 2327 quo
1254 2272 1452 2315 accedens
1483 2272 1687 2322 versatur,
1720 2285 1818 2326 pro-

193 2341 339 2386 minet.
373 2343 490 2391 Quod
512 2344 656 2384 eodem
677 2344 766 2384 iure
796 2344 846 2384 de
875 2346 1063 2398 tempore
1094 2343 1257 2393 dicitur,
1290 2343 1498 2397 simulque
1529 2344 1671 2383 autem
1701 2342 1818 2382 locus

315 2517 339 2562 ¹)
363 2518 557 2563 Perpauca
581 2519 698 2554 etiam
723 2518 896 2564 exempla
922 2520 1019 2563 sunt,
1044 2519 1085 2553 in
1110 2519 1244 2563 quibus
1268 2516 1310 2551 in
1333 2518 1403 2553 hoe
1428 2528 1548 2558 sensu,
1575 2518 1640 2562 qui
1664 2515 1815 2562 proprie

190 2585 213 2610 a
238 2575 515 2622 significatione
538 2576 827 2624 praepositionis
853 2577 1045 2621 abhorret,
1083 2587 1107 2612 a
1139 2576 1270 2613 Tacito
1305 2575 1469 2622 positum
1501 2575 1571 2610 sit:
1612 2574 1651 2609 in
1677 2574 1722 2609 H.
1748 2574 1815 2616 III,

190 2635 255 2676 86,
296 2637 339 2670 13
358 2638 555 2681 praecipiti
581 2639 621 2672 in
644 2649 811 2673 occasum
836 2638 894 2673 die
919 2639 959 2673 et
982 2638 1022 2672 in
1046 2637 1089 2672 A.
1115 2637 1144 2677 I,
1177 2638 1240 2677 16,
1279 2637 1322 2670 14
1352 2637 1442 2679 flexo
1473 2636 1515 2670 in
1539 2645 1721 2678 vesperam
1745 2635 1814 2678 die,

188 2693 255 2729 ubi
278 2695 597 2741 praepositionem
620 2693 669 2730 ad
692 2695 818 2741 potius
842 2697 1151 2742 exspectaremus.

309 2752 338 2797 ²)
365 2754 452 2790 Loci
476 2755 516 2789 in
542 2755 629 2790 solis
654 2755 867 2801 Annalibus
888 2755 1145 2800 reperiuntur:
1170 2754 1210 2788 in
1234 2753 1259 2788 l.
1285 2753 1332 2794 II,
1356 2753 1414 2797 42,
1439 2752 1504 2793 2Ο;
1530 2752 1587 2793 68,
1606 2752 1646 2792 1;
1672 2751 1738 2793 ΠΙ,
1756 2751 1814 2795 29,

165 2811 227 2852 -1;
254 2811 317 2853 IV,
343 2812 400 2854 22,
429 2814 464 2855 1;
489 2814 546 2854 37,
572 2814 612 2855 1;
641 2814 696 2855 71,
725 2814 789 2855 17;
814 2813 877 2855 VI,
902 2814 1001 2856 5,1;
1030 2813 1084 2856 16,
1114 2812 1176 2854 11;
1199 2812 1256 2853 47,
1283 2812 1323 2853 1;
1348 2811 1411 2856 ΧΙ,
1439 2811 1493 2852 18,
1522 2811 1557 2853 1;
1582 2810 1664 2852 XII,
1692 2810 1747 2851 10,
1774 2810 1811 2851 13

189 2870 244 2912 29,
279 2873 314 2913 1;
350 2871 450 2914 XIII,
476 2873 533 2914 26,
565 2873 603 2914 1;
640 2874 698 2914 44,
728 2874 765 2915 1;
791 2873 871 2914 XV,
901 2873 957 2916 46,
990 2873 1021 2913 1,
1050 2872 1095 2907 ef.
1114 2871 1178 2915 IV,
1205 2871 1261 2913 42,
1295 2871 1325 2905 1.
1363 2869 1465 2912 Quae
1493 2869 1721 2906 consuetudo
1749 2868 1823 2920 vel·

189 2929 351 2965 maxime
376 2932 513 2967 natura
537 2932 650 2976 atque
676 2931 802 2985 indole
828 2927 1025 2965 annalium
1050 2934 1260 2967 excusatur.

1599 3000 1621 3034 3
