2071 3219
850 99 1136 150 -69-

299 251 336 280 e.
379 236 636 287 Quibusdam
670 237 826 288 verbis,
867 251 976 291 quae
1015 236 1103 279 fere
1134 236 1278 278 omnia
1310 232 1491 278 ferendi
1527 237 1656 279 verba
1685 238 1801 287 sunt,

183 306 537 362 praepositionem
561 307 681 358 ‹ad,»
716 321 847 362 quam
868 306 1132 349 accusativus
1151 314 1374 359 personae
1395 308 1653 361 sequeretur,
1683 320 1805 363 saepe

183 375 352 429 adiecit,
399 391 506 433 quae
544 377 711 419 dicendi
747 377 1005 418 consuetudo
1046 377 1112 418 ita
1147 365 1413 431 explananda
1447 377 1611 418 videtur
1641 391 1690 418 ac
1718 376 1804 417 iam

182 462 308 503 supra
339 463 416 503 pro
446 448 590 491 dativo
612 447 817 490 commodi
841 446 1193 503 praepositionem
1212 447 1412 490 substitui
1434 447 1626 491 vidimus.
1659 445 1803 489 Etiam

182 517 296 560 hunc
324 533 446 560 usum
477 520 617 560 ortum
647 533 737 561 esse
758 533 809 560 ex
831 509 1020 559 sermone
1050 517 1206 559 forensi
1229 518 1525 573 exemplorum,
1560 532 1667 573 quae
1689 517 1802 573 apud

181 587 376 631 Tacitum
405 589 658 641 invenimus,
690 591 845 631 natura
865 588 1057 631 concludi
1088 591 1240 643 potest.
1273 588 1629 644 Praepositionem
1652 603 1801 630 verna-

182 658 278 700 cula
298 659 447 716 lingua
468 674 543 715 pro
564 658 872 715 significatione
893 659 1024 710 verbi,
1057 673 1106 700 ex
1128 674 1212 713 quo
1233 659 1399 714 pendet,
1432 659 1557 701 modo
1579 673 1654 714 per
1678 673 1801 710 «an»,

181 730 304 772 modo
334 745 409 786 per
442 731 562 772 ‹auf›
589 730 816 772 reddimus:
850 726 976 771 ferre
1010 726 1068 772 ad
1089 729 1135 771 111
1155 729 1211 772 H.
1235 729 1268 782 I,
1292 730 1361 781 79,
1396 730 1416 771 1
1442 730 1621 773 Initium
1637 728 1802 783 ferendi

182 801 240 843 ad
277 801 576 856 Vespasianum
608 802 791 856 imperii.
845 798 1055 843 conferre
1088 798 1166 844 ad:
1204 801 1249 843 in
1282 801 1333 842 H.
1367 800 1408 852 Ι,
1454 802 1496 851 1,
1530 803 1555 843 5
1582 805 1802 855 postquam

186 896 235 902 —-
259 886 417 915 omnem
439 875 667 926 potentiam
697 874 754 914 ad
783 887 912 924 unum
941 874 1119 925 cmzferri
1142 874 1264 926 pacis
1294 874 1498 926 interfuit,
1530 873 1543 913 i
1577 887 1611 914 e.
1634 887 1689 913 au
1711 872 1799 914 sive

182 943 259 985 auf
284 943 406 986 einen
436 944 708 1000 iibertragem
750 942 800 985 A.
832 942 906 996 IV,
945 943 1018 995 39,
1054 943 1077 986 7
1109 958 1189 987 non
1213 944 1341 998 prius
1369 944 1427 986 ad
1456 944 1551 987 deos
1582 955 1708 998 quam
1739 942 1799 984 ad

173 1014 419 1068 principum
448 1028 579 1057 aures.
621 1011 799 1055 deferre
830 1011 911 1059 ad:
953 1014 999 1055 111
1029 1014 1083 1055 Η.
1114 1014 1167 1066 ΙΙ,
1206 1015 1276 1063 67,
1319 1017 1344 1056 3
1375 1028 1498 1056 arma
1528 1014 1585 1056 ad
1613 1014 1801 1056 tribunos

178 1098 273 1127 suos
312 1085 564 1137 deferebant3
614 1086 742 1126 etiam
789 1085 868 1126 hoc
907 1085 997 1126 loco
1038 1085 1295 1141 praepositio
1339 1100 1415 1140 pro
1456 1084 1598 1127 dativo
1643 1084 1799 1139 scripta

181 1157 257 1205 est,
290 1155 360 1197 sed
391 1155 579 1198 nondum
599 1155 670 1197 ille
697 1170 795 1197 usus
817 1155 1009 1207 forensis,
1043 1158 1250 1210 quantum
1271 1155 1322 1197 ad
1344 1155 1423 1203 hoc
1444 1156 1630 1205 verbum,
1663 1168 1798 1209 neque

180 1225 225 1267 111
255 1225 483 1269 minoribus
514 1226 684 1282 scriptis
716 1241 851 1282 neque
883 1227 927 1269 iu
958 1226 1172 1280 Historiis,
1217 1226 1451 1283 reperitur,
1494 1226 1566 1282 qui
1597 1240 1722 1281 saepe
1753 1225 1798 1268 in

180 1295 454 1339 Annalibus:
485 1297 537 1341 A.
570 1297 608 1348 I,
639 1298 705 1348 11,
753 1298 778 1339 6
801 1296 823 1321 *
854 1299 899 1340 in
929 1298 1092 1341 civitate
1122 1300 1179 1341 tot
1208 1298 1452 1341 inlustribus
1481 1299 1589 1340 viris
1618 1297 1798 1339 subnixa

179 1381 258 1409 non
287 1368 345 1409 ad
372 1382 503 1410 unum
532 1370 672 1410 omnia
701 1369 930 1421 deferrent3
965 1369 1020 1420 II,
1052 1370 1120 1419 28,
1157 1370 1211 1410 10
1242 1370 1299 1411 ad
1328 1369 1572 1411 Fulcinium
1606 1369 1798 1411 Tironem

180 1439 379 1481 indicium
410 1439 575 1491 detulit‚·
618 1438 692 1490 IV,
737 1440 807 1491 68,
854 1440 905 1481 21
955 1440 1112 1483 dolores
1156 1454 1251 1483 suos
1280 1441 1406 1494 quasi
1451 1440 1507 1482 ad
1541 1438 1798 1493 fidissimum

178 1509 360 1561 deferre5
393 1509 468 1559 VI,
497 1510 564 1561 18,
591 1510 635 1551 11
664 1524 781 1564 quem
812 1511 928 1552 intra
958 1511 1068 1552 diem
1097 1511 1154 1553 ad
1176 1515 1414 1563 praetorem
1434 1511 1639 1552 urbanum
1667 1510 1798 1562 defer-

177 1583 344 1632 rentur;
386 1579 482 1631 XII,
526 1581 594 1631 41,
643 1581 694 1622 16
734 1581 841 1635 quod
876 1604 922 1610 —
958 1581 1083 1624 multo
1121 1585 1266 1635 questu
1305 1582 1363 1624 ad
1404 1582 1604 1623 maritum
1642 1580 1796 1633 defert·

180 1648 293 1699 XIV,
334 1650 402 1699 41,
447 1650 472 1690 5
503 1651 611 1704 quod
652 1665 742 1693 reos
779 1675 826 1680 ——
860 1652 919 1694 ad
940 1656 1177 1705 praetorem
1206 1651 1443 1704 detulisset,-
1481 1651 1574 1701 XV,
1620 1651 1689 1701 51,
1727 1650 1796 1690 21.

179 1719 315 1776 Igitur
344 1720 500 1776 duplici
523 1736 647 1763 sensu
674 1722 802 1764 verba
824 1723 986 1776 deferre
1011 1723 1068 1765 ad
1098 1725 1366 1778 usurpantur,
1399 1721 1581 1776 primum
1611 1735 1687 1777 pro
1706 1734 1797 1763 con-

175 1791 288 1843 ferre
317 1792 385 1843 ad,
416 1791 472 1845 (v,
504 1791 559 1836 H.
592 1792 625 1842 Ι,
663 1794 699 1843 l,
734 1792 792 1845 5),
825 1793 972 1835 deinde
1005 1808 1079 1849 pro
1109 1793 1311 1835 indicium
1331 1793 1511 1835 alicuius
1529 1792 1593 1835 rei
1626 1791 1795 1844 deferre.

178 1860 244 1903 Ad
273 1862 409 1904 locum
439 1862 483 1903 in
514 1862 566 1905 A.
600 1862 677 1915 III,
701 1865 769 1915 51,
804 1864 829 1905 8
860 1878 910 1906 ne
937 1864 1099 1906 decreta
1120 1868 1298 1918 patrum
1327 1868 1421 1906 avite
1450 1864 1666 1906 decumum
1686 1861 1793 1903 diem

179 1934 236 1975 ad
265 1934 477 1975 aerarium
508 1934 767 1986 deferrentur
804 1949 841 1976 v.
874 1933 1121 1990 Nipperdeii
1152 1934 1494 1990 explicationem,
1535 1933 1647 1975 unde
1678 1932 1796 1988 origo

181 2003 384 2045 formulae
427 2004 630 2045 sermonis
672 2004 846 2046 forensis
889 2005 1168 2061 cognoscitur.
1203 2002 1388 2046 differre
1427 2002 1484 2045 ad
1514 2018 1598 2045 uno
1627 2006 1797 2044 tantum

182 2074 269 2115 loco
299 2073 359 2114 ita
389 2078 616 2128 usurpatur
646 2075 691 2116 in
723 2075 772 2116 A.
806 2073 883 2126 III,
917 2077 985 2126 52,
1033 2077 1081 2117 11
1107 2080 1255 2129 patres
1283 2077 1486 2130 inteyrum
1517 2074 1563 2117 id
1592 2074 1799 2129 neyotium

180 2144 237 2187 ad
265 2145 550 2196 imperatorem
580 2145 849 2196 distulerant5
880 2140 1138 2201 singularem
1169 2146 1299 2188 etiam
1329 2145 1442 2187 hunc
1471 2159 1592 2186 usum
1613 2143 1796 2199 Nipper-

181 2213 295 2257 deius
326 2214 431 2256 bene
462 2215 716 2269 comparatas
748 2215 842 2257 aliis
872 2216 974 2258 locis
1006 2216 1307 2271 interpretatus
1339 2219 1423 2267 est,
1469 2231 1567 2257 nam
1598 2215 1642 2256 in
1675 2229 1796 2270 prae-

179 2284 386 2339 positione
414 2285 538 2326 huius
570 2286 650 2327 loci
682 2287 788 2327 duae
818 2286 1148 2342 significationes
1179 2286 1261 2328 sibi
1291 2290 1529 2336 occurrunt,
1561 2301 1659 2337 uua,
1691 2299 1798 2340 quae

181 2354 235 2396 sit
265 2355 507 2409 temporalis
538 2370 613 2411 pro
649 2371 807 2411 «usque
839 2357 932 2409 adp
968 2357 1122 2408 altera,
1154 2371 1262 2411 quae
1293 2357 1426 2399 dativi
1456 2358 1547 2399 loco
1578 2356 1795 2411 fungatur.

180 2424 365 2468 conferri
398 2425 578 2479 quodam
609 2427 732 2469 modo
763 2430 903 2482 potest
933 2428 1047 2473 locus
1077 2428 1122 2469 in
1144 2430 1193 2469 A.
1215 2428 1247 2479 Ι,
1274 2429 1344 2479 37,
1377 2429 1402 2469 2
1434 2428 1599 2483 laryitio
1628 2427 1796 2480 differe-

179 2497 301 2539 batur
321 2497 364 2538 in
384 2496 557 2538 hiberna
576 2498 782 2552 cuiusque,
816 2498 858 2540 h.
882 2513 916 2540 e.
949 2498 992 2539 in
1024 2501 1206 2554 tempus,
1239 2513 1333 2541 cum
1354 2498 1398 2539 in
1429 2497 1614 2539 hibernis
1644 2499 1794 2548 essent,

180 2570 222 2608 et
252 2567 297 2608 in
338 2565 526 2607 hibernis
572 2567 844 2622 largitionem
889 2569 979 2610 fieri
1024 2562 1372 2611 constituebatur.
1425 2566 1600 2610 referre
1637 2565 1695 2610 ad
1725 2567 1795 2621 (cf.

178 2652 303 2693 supra
332 2652 372 2692 p.
405 2637 460 2678 22
493 2639 536 2679 et
567 2638 655 2692 63).
719 2639 859 2681 Etiam
899 2639 979 2681 hoc
1020 2640 1192 2682 verbum
1232 2654 1316 2681 non
1359 2639 1437 2680 nisi
1479 2639 1524 2680 in
1555 2637 1795 2681 Annalibus

179 2708 334 2751 forensi
363 2722 486 2749 sensu
519 2708 699 2763 positum
732 2714 806 2761 est,
838 2727 939 2753 nam
970 2711 1014 2753 in
1047 2711 1095 2753 G‘.
1122 2713 1188 2763 18,
1225 2712 1278 2753 14
1297 2725 1521 2764 rursusque
1549 2711 1607 2753 ad
1636 2714 1797 2765 nepotes

179 2780 432 2840 referantur,
477 2793 552 2834 pro
600 2781 871 2822 «tradantur»
921 2781 1007 2823 sive
1048 2781 1348 2823 «iiberliefern»
1394 2781 1558 2824 dicitur.
1611 2781 1795 2823 Maxime

179 2853 319 2892 autem
352 2849 396 2890 in
427 2849 606 2891 formula
635 2851 709 2892 illa
729 2851 948 2893 notissima
967 2853 1122 2905 referre
1143 2853 1201 2894 ad
1219 2856 1403 2894 senatum
1434 2851 1501 2893 vel
1525 2856 1672 2905 patres
1691 2851 1796 2893 haec

178 2921 303 2963 verba
332 2920 442 2975 apud
475 2919 668 2963 Tacitum
698 2922 908 2979 leguntur,
942 2922 1028 2975 sed,
1060 2924 1170 2978 quod
1201 2923 1489 2966 observatione
1521 2922 1695 2981 dignum
1717 2925 1793 2974 est,
