2071 3219
837 139 1128 184 ..57—

87 307 93 312 .
177 265 323 320 volvi
351 267 544 311 studia
581 281 628 310 eo
666 269 842 323 teymine
874 268 1032 323 pedam
1058 263 1321 312 induebatur.
1380 268 1433 311 A.
1470 268 1504 320 Ι,
1538 269 1606 320 76,
1641 268 1697 310 14
1724 280 1809 310 non

178 334 425 378 crediderim
454 337 531 378 ad
558 338 946 380 ostentandam
975 339 1271 381 saevitiam.
1289 338 1692 392 movendasque
1704 347 1808 389 po-

175 405 303 457 mai
332 406 657 458 offensiones
685 421 919 451 concessam
943 408 1035 462 filio
1063 409 1291 452 materiem.
1318 430 1369 438 --

295 475 339 527 β.
372 473 646 530 praepositio,
668 489 797 530 quam
818 477 1099 534 gerundivum
1121 477 1239 520 verbi
1259 477 1461 533 sequitur,
1484 491 1535 519 ex
1554 466 1807 530 pafifioipiiss

180 539 516 598 adieotivisque·
533 545 708 600 pendet:
754 547 1003 601 oportunus
1038 545 1097 590 ad
1131 549 1177 590 in
1207 548 1259 590 A.
1282 548 1339 600 II,
1371 549 1413 601 6,
1445 549 1495 589 12
1522 547 1807 589 transmitten-

181 613 283 656 dam
298 615 357 657 ad
374 614 535 658 bellum.
557 612 768 659 inlustris
792 615 850 659 ad
864 618 909 661 in
925 618 977 661 D.
1001 620 1041 671 8,
1062 619 1118 661 14
1137 633 1181 663 eo
1200 619 1384 662 clariora
1398 622 1436 661 et
1449 619 1509 661 ad
1523 619 1807 669 demonstran*

181 683 282 726 dam
310 686 514 727 oratoriae
542 681 792 741 eloquentiae
819 688 1040 731 utilitatem
1080 690 1323 732 inlustriora
1352 688 1540 742 exempla
1575 690 1682 730 sant.
1741 682 1808 726 in-

183 750 329 806 signis
354 751 411 795 ad
440 755 485 796 in
516 755 571 800 H.
603 755 636 808 Ι,
669 758 738 809 35,
775 760 826 800 12
858 760 1019 814 insiyni
1048 761 1189 802 animo
1218 761 1276 802 ad
1304 759 1562 802 coercendam
1581 757 1809 800 militarem

182 823 404 869 licentiam.
465 821 628 879 ingens
653 823 778 870 adin
821 828 872 873 A.
916 829 958 881 I,
992 830 1071 881 64,
1106 830 1130 872 7
1163 830 1307 873 hastae
1335 829 1521 885 inqentes
1550 828 1607 870 od
1635 826 1810 870 vulnera

178 895 398 947 facienda‚·
415 896 495 937 hoe
510 896 622 952 enim
639 898 729 939 loeo
742 898 992 941 adieetivum
1008 901 1193 955 inglentes
1204 914 1361 955 magna
1372 914 1466 941 eum
1484 898 1691 946 brevitate
1708 896 1808 938 diei-

183 968 267 1016 tur,
289 981 382 1007 eum
404 968 448 1008 et
466 966 615 1022 longas
635 983 867 1023 gravesque
886 969 1014 1012 fuisse
1035 970 1180 1012 hastas
1200 971 1357 1012 indicet
1377 973 1420 1012 et
1441 970 1585 1011 eodem
1607 968 1809 1010 vocabulo

184 1036 305 1090 aptas
336 1034 465 1078 fuisse
497 1039 669 1092 propter
697 1038 831 1094 ipsam
862 1040 1116 1096 gravitatem
1147 1040 1200 1082 ad
1238 1040 1411 1083 vulnera
1452 1039 1644 1082 facienda
1673 1036 1809 1080 eonti-

184 1107 346 1146 neatur.
409 1105 611 1148 Similiter
641 1107 815 1150 Tacitus
844 1110 887 1150 in
920 1109 971 1151 A.
993 1110 1120 1164 XVI,
1158 1111 1223 1161 14,
1249 1112 1302 1152 10
1323 1110 1511 1165 scripsit:
1528 1122 1701 1162 opesque
1719 1108 1810 1149 eius

176 1176 519 1228 praecipuas
559 1178 617 1220 ad
651 1180 896 1222 eliciendam
926 1181 1164 1233 cupidinem
1203 1205 1261 1211 -—
1299 1189 1399 1223 esse·
1416 1180 1458 1224 h.
1501 1195 1536 1221 e.
1581 1194 1680 1233 opes
1720 1178 1810 1218 eius

184 1244 447 1288 abundantes
479 1246 652 1303 ideoque
683 1251 806 1305 aptas
837 1249 889 1293 ad
917 1250 1006 1293 elie.
1039 1265 1133 1307 cup.
1173 1275 1217 1281 —
1255 1249 1322 1293 Sic
1351 1250 1478 1293 etiam
1511 1248 1715 1305 intellego
1744 1247 1809 1290 lo-

184 1330 279 1357 cum
310 1316 355 1357 in
387 1317 439 1358 H.
471 1317 527 1369 II,
559 1319 628 1371 99,
661 1320 687 1360 8
717 1328 992 1374 quantumque
1021 1323 1176 1364 hebes
1205 1323 1264 1363 ad
1297 1321 1583 1364 sustinendam
1617 1319 1808 1369 laborem,

185 1386 247 1427 ita
268 1381 316 1428 ut
336 1386 589 1430 adieetivum
611 1389 793 1431 breviter
824 1391 1008 1446 positum
1038 1391 1094 1433 sit
1123 1393 1225 1446 pro:
1257 1391 1384 1433 hebes
1414 1393 1458 1432 et
1493 1392 1663 1445 propter
1699 1388 1810 1430 hane

185 1470 354 1508 eausam
384 1457 548 1499 inutilis
579 1459 632 1501 ad
663 1462 764 1502 sust.-
796 1460 996 1513 laborem,
1028 1476 1128 1504 nam
1159 1461 1355 1503 Tacitum
1393 1460 1559 1516 saepius
1598 1457 1810 1501 vocabulis

187 1527 279 1581 plus
310 1527 506 1569 tribuisse
537 1531 704 1571 constat
717 1562 727 1580 ,
768 1545 894 1584 quam
932 1532 1103 1586 proprie
1137 1531 1252 1572 insit.
1314 1527 1546 1572 exereitus
1572 1528 1629 1570 ad
1669 1529 1715 1569 in
1757 1527 1808 1570 A.

186 1596 302 1648 XVI,
334 1598 403 1649 32,
440 1598 493 1639 10
524 1599 582 1644 ad
611 1600 926 1653 exprimendam
954 1602 1181 1656 imayinem
1209 1601 1367 1644 honesti
1397 1600 1465 1651 (cf.
1498 1614 1537 1654 p.
1571 1600 1657 1653 51).
1676 1622 1731 1628 —
1753 1596 1808 1639 H.

186 1667 220 1717 I,
252 1668 293 1717 9,
335 1669 388 1708 13
424 1670 863 1725 salubewimum
900 1675 959 1713 est
994 1671 1050 1712 ad
1089 1672 1374 1714 continendam
1415 1671 1642 1712 militarem
1672 1669 1809 1722 fidem.

186 1737 268 1794 Ag.
302 1738 373 1789 28,
407 1739 432 1779 3
464 1740 537 1792 qai
567 1742 638 1789 (se.
676 1740 848 1795 milites)
887 1742 946 1783 ad
985 1742 1234 1784 tradendam
1269 1740 1538 1793 disciplinam
1577 1739 1812 1782 inmmi

185 1808 416 1861 manipulis
444 1810 675 1863 exemplum
703 1814 740 1852 et
761 1815 944 1862 ‚rectores
969 1811 1234 1853 habebantur.
1295 1810 1349 1852 H.
1397 1810 1439 1862 I,
1482 1811 1539 1851 90
1556 1842 1566 1861 ,
1607 1809 1661 1850 13
1691 1811 1813 1850 erant
1903 1854 1916 1864 ι

186 1880 259 1933 qui
288 1894 418 1935 yenus
449 1881 588 1933 ipsum
607 1882 758 1923 orandi
787 1886 1010 1934 noscerent,
1042 1882 1180 1937 crebro
1206 1882 1293 1935 fori
1322 1896 1403 1923 asa
1418 1881 1565 1923 celebre
1593 1885 1631 1922 et
1659 1880 1716 1922 ad
1735 1879 1813 1921 im-

179 1950 362 2004 plendas
387 1951 533 2004 populi
553 1966 677 1995 aures
706 1954 886 1995 latum
913 1957 951 1995 et
980 1964 1206 2005 sonans,
1237 1952 1308 1994 ubi
1341 1967 1379 1996 v.
1411 1951 1566 1993 Heraei
1603 1951 1812 2006 interpre-

185 2022 402 2063 tationem.
428 2046 482 2052 —

305 2109 343 2148 γ.
377 2091 636 2147 Pnaepositio
667 2093 822 2148 pendet
853 2109 903 2136 ex
934 2090 1257 2136 substantivis:
1300 2090 1455 2135 aditus
1486 2090 1544 2135 ad
1574 2093 1618 2135 in
1653 2091 1702 2135 A.
1734 2090 1813 2143 ΙΙΙ,

190 2163 258 2213 30,
291 2163 317 2204 8
349 2176 600 2217 quamquam
622 2168 818 2218 prompto
838 2165 896 2207 ad
924 2165 1192 2219 capessendos
1210 2165 1379 2208 honores
1398 2164 1532 2207 aditu.
1563 2161 1813 2205 eonventus

188 2230 304 2274 adin
326 2233 407 2288 Ag.
434 2235 500 2283 12,
524 2236 550 2274 6
572 2249 702 2276 rarus
725 2259 776 2264 —
795 2237 854 2277 ad
866 2237 1207 2288 propulsandum
1226 2249 1433 2277 commune
1454 2235 1690 2288 periculam
1719 2246 1814 2275 con-

188 2310 340 2348 ventus.
387 2302 571 2358 tempus
602 2301 682 2351 ad:
715 2305 759 2348 in
791 2305 845 2351 H.
878 2305 955 2358 IV,
988 2307 1057 2358 34,
1093 2307 1145 2349 19
1176 2307 1235 2350 ad
1264 2305 1544 2354 ordinandam
1574 2305 1726 2354 aciem5
1758 2301 1811 2354 V,

189 2375 261 2426 21,
305 2376 356 2416 12
389 2376 447 2417 ad
486 2377 742 2430 exsequenda
777 2378 969 2431 imperia.
1004 2401 1057 2407 —
1089 2374 1279 2419 audacia
1309 2374 1367 2418 ad
1397 2376 1441 2417 in
1473 2375 1524 2418 A.
1560 2374 1651 2426 XV,
1685 2376 1725 2426 4,
1760 2375 1813 2415 10

189 2447 248 2488 ad
276 2447 554 2499 exsequendas
583 2447 824 2489 obsidiones.
857 2444 1112 2489 auctoritas
1144 2444 1201 2487 ad
1231 2447 1274 2487 in
1308 2446 1363 2490 H.
1388 2446 1419 2497 Ι,
1443 2447 1511 2497 45,
1547 2447 1592 2486 11
1628 2445 1689 2487 ad.
1708 2458 1814 2498 pro-

188 2516 407 2560 hibendum
435 2516 575 2561 scelus.
607 2514 678 2559 vis
710 2514 771 2569 ad,
797 2517 841 2560 in
874 2517 924 2560 A.
957 2517 1031 2570 XI,
1063 2519 1104 2570 9,
1139 2518 1165 2560 3
1195 2518 1238 2560 vi
1267 2517 1415 2561 militis
1444 2516 1626 2560 Romani
1654 2515 1713 2559 ad
1741 2528 1814 2558 ex-

189 2590 392 2630 cindenda
414 2589 667 2631 castellorum
696 2590 849 2640 ardua,
892 2589 1019 2631 simul
1058 2589 1214 2631 Hibero
1245 2590 1425 2630 exercita
1462 2600 1626 2640 campos
1649 2585 1814 2641 persal-

191 2664 313 2703 tante.
346 2659 472 2702 Hunc
502 2660 637 2701 locum
668 2675 752 2702 non
786 2661 892 2702 bene
923 2661 1153 2702 illustrasse
1183 2659 1287 2701 mihi
1317 2659 1482 2700 videtur
1514 2658 1708 2709 Orellius,
1741 2657 1813 2711 qui

192 2730 451 2772 Dtderleiuii
483 2730 777 2773 auctoritatem
810 2732 977 2773 secutus
1009 2729 1245 2773 adnotavit:
1282 2729 1364 2772 «ad
1398 2727 1679 2772 excindenda»
1710 2739 1816 2782 pen-

191 2803 287 2843 dent
323 2816 373 2843 ex
403 2804 549 2844 omisso
588 2802 763 2844 «militis
785 2803 990 2844 Romani»
1016 2803 1189 2855 epitheto
1214 2802 1418 2852 «idonei»
1444 2815 1542 2841 nam
1568 2813 1656 2840 non
1676 2798 1815 2839 minus

191 2873 249 2915 ibi
282 2873 638 2928 praepositionem
671 2874 758 2915 loco
789 2873 922 2915 dativi
953 2872 1161 2915 commodi
1191 2887 1282 2914 esse
1312 2870 1578 2922 crediderim,
1611 2884 1740 2924 quam
1770 2869 1815 2911 in

191 2944 380 3001 exemplo
411 2959 462 2986 ex
493 2943 605 2988 Hist.
638 2943 672 2997 Ι,
705 2945 774 2997 85,
810 2945 830 2986 1
866 2958 890 2986 a
920 2943 1193 2986 Dbderleinio
1224 2942 1452 2998 adscripto:
1484 2942 1615 2985 oratio
1634 2941 1693 2984 ad
1718 2954 1815 2994 per-
