2071 3219
889 80 1175 124 -34'-

216 211 290 253 ille
320 211 565 267 prominens
596 211 650 253 ab
680 210 861 266 utraque
894 213 1012 266 parte
1043 211 1151 254 adiri
1182 212 1462 268 adscendique
1494 216 1647 269 potest,
1678 229 1762 270 quo
1781 214 1844 267 fit,

216 284 278 334 ut,
310 282 347 324 si
376 282 428 324 de
458 283 651 337 tempore
671 295 807 324 sermo
827 284 904 333 est,
937 284 980 324 et
1000 282 1052 325 de
1073 285 1265 337 tempore
1286 286 1386 326 ante
1408 287 1452 326 et
1471 284 1522 326 de
1543 287 1732 340 tempore
1752 289 1849 340 post

215 352 385 394 finitum
431 352 539 395 illud
583 354 753 408 tempus
797 352 1056 408 praepositio
1097 355 1293 409 ponatur.
1334 352 1484 409 Itaque
1519 355 1622 397 «sub
1658 369 1848 411 pugnam

217 422 506 465 Cannensem»
541 422 783 478 significare
814 425 968 478 potest:
1005 423 1134 478 paulo
1164 426 1264 465 ante
1294 426 1338 465 et
1368 424 1495 479 paulo
1526 427 1624 480 post
1645 439 1847 481 pugnam,

217 507 318 534 nam
348 492 385 533 si
411 492 497 534 'hoc
527 492 790 548 exprimitur,
823 493 1111 535 narrationem
1141 493 1187 534 in
1208 496 1401 549 tempore
1424 497 1520 550 post
1551 509 1737 551 pugnam
1758 496 1849 536 ver-‘-

217 562 315 616 sari,
346 563 382 604 si
412 563 532 615 illud,
565 563 722 606 versari
753 566 853 606 ante
884 578 1073 621 pugnam
1105 564 1331 620 cogitatur.
1365 564 1429 607 Ac
1449 565 1612 608 duobus
1641 565 1745 607 locis
1767 565 1849 608 'Pa-

217 633 327 675 citus
357 633 472 675 hunc
512 647 634 675 usum
678 633 758 675 sibi
788 634 1046 677 vindicavit:
1093 634 1139 676 in
1169 633 1223 679 A.
1255 633 1332 677 IV.
1366 635 1442 687 63,
1489 636 1516 677 9
1549 636 1624 677 sub
1653 640 1852 679 recentem

189 731 191 733 -
217 704 380 747 cladem
405 708 582 758 patuere
603 718 830 758 procerum
860 705 1033 759 domus‚·
1072 704 1166 756 XV,
1199 706 1269 756 23,
1306 706 1359 747 15
1389 710 1538 748 senatu
1567 706 1746 748 Antium
1775 707 1852 748 sub

216 779 417 819 recentem
440 779 616 829 partum
642 776 782 829 effuso,
815 790 995 831 quorum
1025 778 1204 830 utroque
1234 775 1281 817 in
1303 776 1494 831 exemplo
1525 779 1698 832 propter
1728 791 1851 819 voca-

217 846 367 887 bulum
402 848 660 888 ‹recentem›
707 846 919 889 dubitatio
961 845 1165 888 exsistere
1209 846 1371 900 nequit,
1415 847 1623 900 quomodo
1669 861 1851 902 praepo-

218 916 417 959 sitionem
449 916 790 972 interpretemur.
834 916 917 959 Sed
947 920 1042 972 post
1072 916 1185 958 hanc
1215 916 1518 971 digressionem
1548 917 1852 959 transeundum

219 988 285 1028 est
315 986 368 1028 ad
400 1000 497 1028 eum
527 1000 664 1038 usum,
697 986 759 1029 si:

462 1115 505 1165 b.
543 1113 669 1178 „Ad“
695 1114 750 1165 de
785 1114 1087 1180 perveniendo
1126 1115 1183 1165 ad
1218 1121 1400 1180 tempus
1438 1115 1615 1166 dicitur.

337 1231 427 1274 Nos
458 1232 705 1288 plerumque
737 1232 941 1274 vertimus
971 1246 1047 1287 per
1082 1232 1173 1274 «bis
1204 1247 1297 1284 zu,»
1339 1235 1382 1274 et
1416 1233 1508 1288 ipse
1542 1233 1713 1275 Tacitus
1745 1248 1853 1276 non-

220 1317 450 1358 numquam
472 1316 655 1357 «usque»
677 1302 853 1344 addidit.
887 1303 1029 1357 Atque
1046 1302 1092 1343 in
1108 1302 1175 1343 his
1194 1303 1377 1358 primum
1395 1303 1445 1344 de
1462 1317 1511 1344 eo
1527 1318 1606 1344 usu
1624 1303 1852 1355 videamus,

340 1374 378 1416 1.
412 1388 509 1416 cum
544 1374 649 1416 «ad»
686 1388 736 1415 ex
767 1371 939 1430 verbis,
958 1374 1124 1428 ‚quibus
1154 1373 1257 1428 ipsis
1288 1374 1490 1429 temporis
1523 1374 1642 1416 notio
1669 1375 1854 1429 plerum-

222 1458 304 1499 que
330 1444 418 1486 iam
438 1444 562 1494 inest,
596 1442 842 1498 pendeat21)
874 1441 1029 1485 venire
1057 1441 1133 1484 ad:
1164 1444 1209 1484 in
1242 1444 1321 1499 Ag.
1355 1445 1394 1495 3,
1429 1445 1482 1485 15
1515 1445 1664 1496 quibus
1695 1444 1855 1499 (annis)

221 1516 390 1557 iuvenes
420 1514 478 1556 ad
507 1517 761 1566 senectutem,
793 1527 910 1557 senes
923 1528 1056 1568 prope
1077 1514 1135 1556 ad
1154 1514 1268 1567 ipsos
1297 1517 1463 1556 eoeactae
1483 1518 1632 1557 aetatis
1659 1515 1855 1557 terminos

226 1609 279 1616 —
300 1587 498 1627 venimus.
532 1582 779 1637 pervenire
802 1583 880 1630 ad:
913 1585 957 1626 in
984 1586 1035 1628 A.
1057 1584 1135 1635 ΙΙΙ,
1170 1586 1238 1635 55,
1263 1586 1319 1626 14
1341 1586 1612 1637 pecuniosam
1642 1586 1700 1627 ad
1718 1598 1855 1627 senec-

222 1659 322 1698 tam.
355 1652 606 1708 procedere
634 1652 708 1697 ad:
741 1654 787 1696 in
811 1653 865 1699 A.
883 1653 956 1706 VI,
987 1655 1055 1706 16,
1082 1655 1110 1696 4
1133 1657 1249 1697 aetas
1273 1653 1329 1696 ad
1354 1655 1671 1710 oetoyensimum
1696 1668 1854 1697 annum

217 1727 442 1781 processit,
484 1726 638 1781 quibus
670 1725 866 1767 omnibus
897 1740 922 1767 a
953 1725 1075 1767 locali
1106 1725 1419 1780 significatione
1450 1726 1502 1767 ad
1534 1730 1701 1780 tempus
1732 1739 1853 1780 prae-

223 1796 479 1852 positionem
499 1796 753 1838 translatam
775 1810 864 1837 esse
886 1795 1155 1850 perspicuum
1177 1798 1251 1836 est.
1284 1792 1485 1837 detinere
1515 1794 1593 1841 ad:
1626 1796 1670 1836 in
1700 1795 1754 1838 A.
1776 1794 1852 1845 VI,

224 1867 296 1920 29,
328 1868 355 1909 9
386 1880 481 1910 cum
510 1881 552 1910 se
581 1866 839 1910 miserandis
869 1865 1076 1909 alimentis
1096 1889 1154 1912 -—.
1184 1879 1337 1908 nonum
1368 1866 1426 1909 ad
1456 1866 1566 1909 diem
1596 1866 1853 1909 detinuisset.

222 1934 461 1991 producere
491 1933 631 1978 vitam
662 1933 741 1982 ad:
781 1936 826 1977 in
857 1936 911 1978 A.
944 1935 1021 1987 111,
1055 1936 1125 1987 24,
1161 1936 1209 1977 11
1239 1935 1386 1990 plnres
1415 1936 1474 1979 ad
1503 1949 1630 1980 ouras
1661 1950 1711 1978 ex
1741 1950 1856 1977 more

225 2007 363 2050 Taciti
396 2007 580 2063 quodam
616 2007 740 2050 modo
771 2006 1061 2063 inexspectate
1092 2005 1267 2056 dictum,
1312 2020 1408 2048 cum
1452 2008 1547 2063 post
1590 2006 1717 2049 verba
1754 2019 1857 2061 pro—

224 2079 371 2121 ducere
400 2080 532 2121 vitam
562 2078 765 2133 temporis
795 2078 1013 2120 notionem
1046 2077 1349 2128 desideremus,
1398 2077 1517 2118 cuius
1560 2078 1699 2119 locum
1734 2090 1858 2119 curae

226 2148 419 2205 explent,
451 2148 479 2192 i.
512 2164 547 2192 e.
579 2148 687 2191 mihi
717 2148 762 2190 in
785 2148 1004 2191 scribendo
1025 2147 1256 2204 proposita,
1288 2147 1358 2203 (cf.
1383 2146 1625 2203 Nipperdei.
1659 2149 1712 2191 ad
1741 2146 1855 2190 Ann.

348 2325 374 2371 ¹)
399 2324 681 2371 Praepositione
705 2322 747 2358 in
771 2324 961 2360 rarissime
985 2323 1138 2360 Tacitus
1162 2323 1204 2358 in
1228 2322 1497 2368 posterioribus
1522 2322 1685 2368 scriptis,
1710 2322 1858 2369 saepius

228 2385 268 2420 in
292 2385 500 2421 minoribus
524 2384 581 2420 ita
604 2384 795 2425 utebatur,
832 2382 931 2428 quo'd
957 2382 1131 2428 exempla
1156 2381 1433 2418 demonstrant:
1471 2381 1511 2417 in
1536 2381 1579 2416 D.
1607 2382 1663 2423 17,
1700 2382 1722 2417 6
1753 2380 1861 2418 CXX

228 2446 320 2479 anni
348 2445 393 2479 ab
418 2444 570 2479 interitu
596 2442 778 2478 Ciceronis
802 2442 843 2476 in
866 2442 964 2477 hunc
995 2441 1090 2476 diem
1115 2441 1355 2485 oolliyuntur,
1393 2440 1599 2485 eademque
1625 2441 1740 2475 verba
1763 2440 1803 2475 in
1829 2452 1859 2476 c.

229 2503 292 2545 24,
331 2502 391 2545 15,
428 2502 496 2538 ubi
524 2513 593 2548 pro
626 2501 740 2538 verbo
770 2500 1008 2547 colliquntur:
1045 2499 1140 2546 effici
1165 2500 1329 2545 positum
1357 2500 1430 2544 est3
1466 2498 1535 2545 Ag.
1562 2499 1619 2542 20,
1658 2499 1680 2534 9
1705 2501 1860 2546 quaein

228 2563 332 2598 illum
354 2562 448 2598 diem
473 2573 518 2598 ex
542 2572 655 2607 aequo
680 2564 844 2607 eyerant,·
881 2561 938 2602 30,
974 2560 1020 2595 13
1043 2560 1085 2595 in
1109 2559 1205 2595 hunc
1229 2559 1324 2595 diem
1348 2559 1527 2604 defendit,·
1560 2558 1623 2600 44,
1658 2559 1702 2593 14
1726 2560 1861 2595 durare

229 2622 271 2657 in
295 2621 391 2657 hanc
413 2620 611 2657 beatissimi
635 2620 768 2657 saeculi
791 2620 922 2663 lucem
945 2618 989 2654 G.
1017 2618 1073 2660 14,
1098 2619 1121 2653 3
1145 2618 1283 2662 infame
1304 2617 1347 2653 in
1368 2628 1506 2653 omnem
1527 2618 1639 2653 vitam
1656 2628 1701 2653 ac
1711 2619 1861 2663 probro-

228 2690 310 2715 sum
334 2683 405 2724 est,·
430 2678 488 2722 22,
515 2679 533 2713 1
561 2689 695 2723 somno,
720 2690 823 2724 quem
840 2677 1049 2724 plerumque
1073 2677 1116 2711 in
1140 2676 1237 2712 diem
1259 2676 1474 2720 eaetrahunt5
1497 2676 1557 2721 45,
1581 2677 1603 2711 3
1627 2677 1716 2712 solis
1736 2677 1862 2723 fulgor

230 2739 272 2774 in
294 2741 414 2774 ortum
437 2737 584 2782 edurat5
609 2737 654 2772 H.
667 2737 697 2782 Ι,
713 2739 769 2779 77,
784 2738 805 2772 5
830 2736 955 2773 consul
971 2736 1066 2771 —in
1090 2735 1265 2771 kalendas
1285 2734 1450 2771 Martias
1473 2735 1561 2780 ipse,
1586 2735 1653 2770 ubi
1671 2748 1706 2771 v.
1724 2736 1860 2772 Heraei

231 2797 336 2838 adn.;
373 2795 440 2839 111,
478 2796 517 2837 2,
552 2796 597 2830 14
621 2794 640 2815 *
664 2797 703 2831 et
725 2795 773 2837 II,
812 2795 869 2836 32,
907 2794 952 2829 14
975 2798 1132 2830 tractum
1155 2794 1203 2829 in·
1221 2797 1388 2829 aestatem
1412 2794 1555 2837 bellom,-
1589 2793 1633 2828 A.
1658 2794 1706 2836 11,
1745 2795 1803 2839 65,
1839 2795 1862 2829 9
1893 2803 1897 2807 “

230 2859 419 2901 tractaque
441 2854 484 2890 in
506 2854 656 2891 multam
679 2857 814 2890 noctem
821 2866 833 2899 ,·
869 2853 970 2896 XIII,
996 2853 1028 2893 9,
1064 2851 1111 2888 20
1135 2862 1226 2899 quae
1248 2852 1292 2888 in
1314 2851 1408 2888 alios
1432 2852 1592 2889 consules
1615 2863 1757 2899 egressa
1780 2864 1862 2890 con-

231 2915 354 2951 iunxi.
380 2933 425 2939 —
451 2914 506 2950 De
530 2913 731 2959 temporali
755 2913 823 2949 illo
847 2925 959 2958 usque
982 2914 1025 2948 in
1050 2926 1086 2948 v.
1114 2925 1151 2957 p.
1177 2912 1236 2956 28,
1260 2912 1301 2947 in
1327 2913 1413 2948 adn.
1443 2913 1474 2947 1.
1859 2903 1865 2917 ⁸
