2071 3219
884 88 1174 132 ..70-

211 215 314 259 solis
343 216 390 258 in
424 215 682 261 Annalibus:
715 216 759 258 in
792 217 820 262 l.
853 216 887 270 I,
921 218 990 270 52,
1025 218 1070 269 4;
1101 216 1180 270 ΙΠ,
1202 218 1272 270 63,
1306 217 1355 267 4;
1387 215 1461 270 VI,
1489 216 1555 269 18,
1590 218 1605 261 1
1632 216 1840 275 (patres),·

212 288 283 337 22,
319 288 396 337 14;
437 287 517 336 -XI,
553 287 619 337 15,
656 288 698 336 13
746 287 847 338 XII,
894 290 962 341 53,
1000 290 1019 330 1
1054 288 1256 344 (patres);
1298 287 1413 339 XIV,
1449 289 1521 338 17,
1557 289 1611 329 10
1641 285 1831 344 Qiatrcs)

214 357 431 400 Accedunt
463 357 543 403 loci
575 357 617 398 in
651 357 827 409 LXIV,
861 360 929 410 39,
965 360 1018 400 10
1048 362 1193 402 cancta
1220 362 1359 401 tamen
1386 358 1444 400 ad
1477 359 1764 411 imperatorem
1791 361 1840 402 in

211 426 374 470 mollius
405 427 552 479 relata,
586 428 628 469 et
649 426 743 478 XV,
776 429 847 480 22,
880 429 906 471 3
938 442 988 472 ne
1018 429 1113 484 quis
1140 428 1199 473 ad
1230 427 1446 472 concilium
1473 428 1680 472 sociorum
1709 430 1839 483 reser-

210 502 274 540 ret
308 498 378 551 (of.
414 513 455 554 p.
488 499 575 553 22).
626 498 829 540 Similiter
860 500 988 542 etiam
1020 497 1197 542 reicere
1216 497 1287 556 ,ad
1316 498 1518 555 scriptum
1552 513 1639 541 esse
1669 499 1839 542 invenio

211 568 258 610 in
289 568 339 611 A.
373 569 407 619 I,
441 570 510 619 26,
557 570 608 611 12
640 569 664 595 *
694 585 843 613 novum
886 572 933 613 id
968 572 1112 624 plane,
1158 571 1266 625 quod
1299 571 1527 623 imperator
1561 571 1651 613 sola
1690 571 1839 613 militis

210 640 420 682 commoda
450 640 507 682 ad
535 645 722 682 senatum
752 642 922 693 reiciat,·
956 642 1023 693 47,
1056 642 1081 683 8
1114 640 1136 665 *
1165 641 1290 684 simul
1319 640 1642 684 adulescentibus
1670 654 1839 684 excusa-

210 714 298 751 tam
332 711 536 763 quaedam
566 711 624 752 ad
645 715 815 764 patrem
844 713 1006 754 reicere.
1044 736 1094 742 —-

332 782 359 822 f.
394 781 579 822 Restant
599 782 780 835 denique
804 784 926 836 pauci
948 784 1039 832 loci,
1072 783 1224 835 quibus
1259 783 1364 822 ‹ad›
1389 796 1483 822 cum
1506 785 1655 822 neutro
1684 796 1837 837 genere

212 849 406 893 adiectivi
449 850 718 893 coniunctum
749 851 972 895 formulam
1003 852 1143 902 efficit,
1177 866 1283 907 quae
1305 866 1381 908 pro
1403 850 1598 894 adverbio
1619 850 1795 897 dicatur.
1808 853 1838 906 ¹)

211 920 334 975 Apud
368 922 566 963 Tacitum
599 923 704 963 duae
735 924 903 963 tantum
934 923 1024 964 eius
1046 922 1157 964 modi
1189 923 1394 964 formulae
1416 922 1496 964 hac
1526 921 1838 977 praepositione

213 995 533 1047 componuntur,
573 1007 679 1046 quae
702 995 825 1034 suut:
859 990 917 1034 ad
938 991 1209 1048 extromum,
1233 1007 1340 1047 qnae
1370 993 1422 1034 de
1451 995 1641 1046 tempore
1669 994 1837 1034 tantum

214 1061 267 1102 ab
298 1076 347 1103 eo
378 1064 629 1116 usurpatur,
673 1064 715 1103 et
758 1059 813 1103 ad
853 1061 1152 1118 postremum,
1197 1077 1304 1116 quae
1335 1065 1379 1103 et
1410 1062 1460 1104 de
1492 1050 1689 1116 tempore>
1713 1065 1757 1103 et
1786 1062 1837 1103 de

212 1131 528 1174 enumeratione
564 1131 755 1187 ponitur;
786 1132 904 1174 illam
935 1132 1114 1189 legimus
1147 1132 1189 1174 in
1214 1131 1268 1175 H.
1292 1132 1324 1184 I,
1349 1133 1418 1183 46,
1456 1133 1505 1174 19
1538 1133 1594 1175 ad
1621 1132 1839 1175 seditiones
1915 1130 1918 1133 ’

210 1207 248 1243 et
277 1204 509 1245 discordi-as
551 1208 587 1244 et
629 1205 686 1244 ad
730 1209 958 1245 extremum
996 1204 1100 1245 bella
1139 1204 1280 1246 civilia
1321 1203 1515 1254 ruebant;
1557 1202 1635 1252 III,
1676 1204 1746 1253 22,
1780 1203 1832 1243 21

210 1272 393 1326 aquilam
428 1273 592 1316 Atilius
629 1275 765 1317 Verus
799 1300 850 1303 —
885 1274 1015 1316 neuim
1052 1287 1143 1316 cum
1172 1274 1351 1316 hostiam
1381 1277 1520 1328 straye
1549 1276 1586 1315 et
1615 1273 1674 1315 ad
1702 1277 1836 1315 extre-

211 1356 325 1384 mum
361 1345 538 1386 morieris
568 1349 820 1396 servaverat;
851 1344 960 1386 hanc
991 1345 1034 1384 in
1068 1344 1120 1385 H.
1153 1344 1186 1394 I,
1219 1345 1288 1393 39,
1326 1345 1377 1385 10
1408 1345 1495 1386 sive
1528 1367 1578 1372 —
1610 1358 1683 1386 seu
1707 1367 1755 1372 —-
1778 1344 1837 1385 ad

205 1418 462 1466 postremum
483 1415 542 1457 vel
574 1415 687 1465 odi0,·
719 1415 774 1465 II,
808 1416 875 1464 27,
912 1417 964 1456 16
995 1415 1051 1457 ad
1074 1419 1328 1468 postremum
1358 1414 1510 1457 Valens
1537 1439 1580 1444 —
1610 1414 1837 1468 perfidiam

211 1485 495 1537 suspectabam
541 1484 614 1533 IV,
650 1486 717 1535 16,
753 1486 803 1528 17
837 1486 893 1527 ad
916 1489 1172 1538 postremum
1198 1485 1491 1540 yubernatores
1525 1509 1576 1515 —
1609 1485 1838 1537 trucidant,-

213 1554 263 1596 A.
296 1554 351 1604 II,
388 1556 457 1604 45,
494 1557 546 1596 19
578 1558 600 1581 *
631 1557 688 1597 ad
711 1561 965 1608 postremam
995 1557 1130 1597 eiectis
1161 1556 1386 1607 Romanis,·
1418 1554 1536 1605 XIII,
1559 1556 1628 1604 22,
1653 1555 1679 1595 4
1700 1555 1836 1597 variis

210 1638 339 1668 mox
369 1626 530 1668 artibus
560 1627 717 1678 elusus,
760 1628 834 1669 all
857 1632 1205 1679 postrern‘wtn
1237 1628 1281 1667 in
1310 1627 1411 1667 urbe
1440 1630 1621 1668 retentas
1651 1630 1732 1676 est,·
1765 1626 1833 1676 46,

213 1696 264 1736 17
301 1696 480 1738 deicitur
522 1697 821 1749 familiaritate
849 1700 978 1747 sacta,
1016 1700 1142 1749 post
1171 1709 1386 1751 conyressu
1421 1699 1459 1738 et
1500 1696 1692 1737 comitatu
1733 1694 1835 1738 Otho

209 1771 246 1808 et
276 1767 352 1809 ad
385 1771 731 1819 postremum
763 1792 811 1797 —
846 1769 1090 1821 provivwiae
1119 1767 1368 1809 Lusitaniae
1403 1767 1669 1820 praetio-itum
1716 1764 1833 1817 XVI,

209 1837 278 1887 21,
317 1837 332 1878 l
375 1837 617 1881 Trucidatis
647 1842 703 1881 tot
733 1839 970 1893 insiqnibus
999 1839 1107 1881 viris
1138 1838 1195 1881 ad
1218 1841 1476 1891 postremum
1496 1837 1613 1880 Nero
1643 1837 1835 1879 virtutem

208 1910 348 1962 ipsam
378 1910 595 1952 excindere
624 1911 864 1964 concupivit.
893 1935 938 1940 —
971 1910 1029 1952 De
1061 1909 1128 1951 his
1160 1912 1288 1965 atque
1320 1908 1528 1951 similibus
1558 1907 1750 1950 formulis
1780 1907 1832 1949 cf.

209 1979 425 2021 Handium
456 1980 500 2021 in
532 1981 651 2022 Turs.
685 1981 718 2030 I,
762 1997 800 2036 p.
838 1983 940 2031 131,
984 1982 1034 2022 de
1075 1981 1277 2035 singulari
1310 1980 1490 2034 quadam
1522 1979 1835 2036 significatione

208 2049 320 2093 vocis
349 2051 407 2093 ad
429 2055 688 2105 postremam
719 2052 981 2107 maximeque
1012 2051 1220 2103 adverbii,
1264 2051 1375 2107 quod
1418 2054 1485 2093 est
1513 2055 1735 2105 postremo,
1779 2049 1831 2093 cf.

212 2121 503 2164 Bbtticherum
534 2122 578 2163 in
612 2121 709 2164 Lex,
744 2122 841 2164 Tae.
874 2138 913 2178 p.
951 2123 1046 2166 151.

262 2344 345 2398 De
382 2344 769 2400 collocatione
806 2344 1258 2412 praepositionis
1294 2343 1787 2411 supplementum.

327 2474 378 2516 In
410 2475 642 2517 minoribns
665 2476 833 2530 scriptis
855 2474 1134 2528 Historiisque
1162 2488 1254 2515 raro
1284 2477 1447 2515 tantum
1483 2473 1832 2528 praepositionem

210 2544 322 2586 inter
352 2545 603 2588 adiectivum
637 2546 699 2589 vel
734 2561 961 2601 pronomen
985 2548 1027 2587 ot
1057 2544 1368 2587 substantivum
1388 2543 1514 2586 inseri
1545 2544 1629 2586 iam
1648 2543 1834 2586 Wfflffli-

213 2631 290 2657 nus
311 2617 358 2658 in
382 2616 532 2660 Philol.
557 2617 735 2668 XXVII,
760 2634 799 2672 p.
828 2618 909 2658 129
932 2615 1248 2659 demonstravit.
1272 2614 1391 2664 Quod
1412 2615 1540 2657 etiam
1561 2615 1835 2657 collocatione

212 2688 535 2742 praepositionis
570 2689 673 2729 «ad»
708 2687 992 2729 confirmatur.

338 2827 360 2872 ¹)
388 2829 598 2866 Innumeris
623 2833 751 2866 autem
775 2828 865 2865 locis
889 2827 1112 2864 adverbium
1137 2839 1204 2873 per
1228 2826 1521 2873 praepositiones
1548 2838 1626 2870 «ex,
1651 2826 1701 2871 in,
1732 2838 1832 2873 pen»

212 2900 307 2932 quae
333 2900 417 2923 cum
443 2891 574 2925 neutro
599 2889 781 2925 adjectivi
798 2889 1084 2934 coniunguntur,
1110 2887 1410 2932 circumscripsit,
1435 2887 1481 2922 cf.
1500 2886 1681 2922 Wolfffin.
1698 2886 1834 2922 Philol.

212 2945 344 2988 XXVI,
369 2958 405 2992 p.
434 2945 513 2980 146.
