2071 3219
867 115 1157 160 -53-

124 280 128 284 -
196 251 380 291 nudams
408 246 574 296 addam,
604 259 714 301 quae
743 247 787 287 et
817 243 1046 300 plurimum
1066 243 1332 287 auctoritatis
1351 242 1507 287 habere
1528 246 1573 286 et
1602 257 1688 286 non
1710 242 1821 286 male

197 317 251 359 ad
280 330 451 358 sensum
481 315 688 370 quadrare
719 315 911 357 videatur
946 316 991 356 et
1020 329 1048 356 a
1077 314 1248 357 Halmio
1278 318 1322 356 et
1353 328 1379 356 a
1407 313 1586 357 Jacobio
1615 312 1819 356 defenda-

196 389 279 429 tur.
312 384 358 427 Si
377 384 551 428 Tacitus
571 408 615 415 —
638 386 688 427 ut
706 385 760 427 de
787 384 987 426 insolenti
1006 384 1320 426 constructione
1340 384 1562 427 verborum
1591 382 1740 426 sileam
1764 406 1815 414 -

194 455 381 507 dixisset,
427 453 649 497 Moschum
694 454 837 497 fuisse*
865 454 1127 496 inmutatum
1171 454 1226 495 ad
1259 453 1563 496 observandam
1603 452 1818 495 honestio-

194 540 288 567 rum
323 525 470 576 fidem,
517 527 630 566 certe
675 524 835 580 aliquid
876 524 928 566 de
958 524 1135 566 Moscho
1176 527 1302 566 antea
1340 525 1712 566 commemoratum
1743 525 1819 564 aut

193 595 484 652 explicationis
514 610 638 637 causa
669 595 860 638 additum
890 609 982 638 esse
1012 598 1367 650 exspectaremus,
1411 608 1588 649 quorum
1619 594 1825 636 neutrum⁴

195 667 355 710 factum
386 669 461 709 est.
514 664 590 708 Sin
633 667 775 708 autem
817 669 860 708 et
881 665 1037 708 malam
1068 664 1255 708 codicum
1285 664 1432 716 fidem,
1475 666 1518 706 et
1547 663 1672 716 locos,
1709 678 1815 720 quos

192 731 334 792 supra·
350 752 390 792 p.
420 737 474 778 47
507 738 550 777 et
579 750 704 790 quem
734 737 857 779 modo
888 737 1058 791 protuli,
1097 736 1428 787 consideramus,
1467 736 1817 790 acquiescendum

192 822 279 849 esse
310 806 555 849 crediderim
585 806 627 847 in
661 806 952 848 emendatione
983 805 1149 857 Mureti,
1181 821 1308 860 quam
1339 805 1468 848 etiam
1498 804 1690 848 Ritterus
1721 819 1816 860 pro·

176 876 321 928 bavit,
353 878 402 917 ut
428 875 544 917 uncis
574 875 816 917 includatur
848 875 1094 918 vocabulum
1124 876 1378 919 immutatus.
1410 875 1502 924 Qua
1532 874 1691 915 ratione
1721 888 1814 915 cor-

192 947 358 1002 ruptela
388 949 535 986 exorta
565 945 636 996 sit,
668 948 857 987 nostrum
887 960 973 987 non
1004 948 1080 997 est,
1112 948 1162 987 ut
1190 960 1453 1000 quaeramus,
1489 969 1540 975 ——

307 1031 348 1082 β.
380 1027 639 1081 Praepositio
659 1027 847 1081 sequitur
867 1018 962 1082 post
981 1024 1202 1069 adieofiva
1222 1029 1267 1069 ct
1284 1023 1542 1080 partieipia:
1573 1024 1709 1081 aptus
1731 1023 1811 1068 ad:

190 1100 233 1141 in
267 1098 320 1143 D.
353 1099 422 1150 30,
456 1097 512 1140 29
544 1098 602 1141 ad
628 1097 968 1151 pers-uadendum
998 1095 1288 1152 apte’diceroe
1329 1096 1384 1142 H.
1416 1095 1494 1150 III,
1527 1096 1596 1149 41,
1629 1097 1655 1139 2
1685 1110 1814 1152 mque

187 1171 246 1212 ad
271 1169 507 1223 fallendum
536 1172 660 1222 aptus
689 1179 883 1210 numerus
913 1182 1041 1223 neque
1061 1168 1118 1210 acl
1141 1168 1457 1221 pethrandum.
1491 1165 1813 1209 accomodatus

188 1238 245 1281 ad
276 1240 320 1281 iu
352 1239 403 1282 A.
435 1239 491 1290 ΙΙ,
524 1240 595 1290 66,
639 1241 664 1281 9
695 1240 754 1281 ad
779 1240 1025 1292 fallendum.
1062 1234 1107 1270 —ss
1146 1235 1365 1281 inhabilis
1398 1236 1478 1280 ad:
1510 1238 1556 1280 in
1586 1236 1643 1282 H.
1674 1236 1709 1289 I,
1742 1237 1812 1289 79,

190 1311 241 1352 17
286 1310 344 1352 ad
378 1310 701 1364 resumendum
742 1308 797 1361 ΙΙ,
831 1309 900 1360 87,
943 1309 967 1351 7
1010 1309 1068 1351 ad
1104 1309 1359 1363 parendum.
1392 1333 1446 1338 —
1478 1307 1647 1362 potens
1677 1305 1736 1350 ad
1765 1308 1811 1349 in

186 1379 266 1435 Ag.
290 1380 328 1430 7,
364 1380 415 1420 15
447 1380 505 1421 ad
534 1380 809 1421 cohibendum.
827 1403 879 1408 —

302 1476 340 1512 γ.
372 1460 635 1515 Praepositio
664 1461 852 1514 sequitur
882 1464 991 1515 post·
1007 1458 1326 1506 substantiva:
1361 1458 1562 1514 spatium
1592 1457 1650 1502 ad
1679 1460 1725 1501 in
1755 1459 1808 1504 A.

186 1530 240 1582 V,
275 1531 313 1582 1,
349 1531 374 1572 8
405 1531 462 1573 ad
492 1530 739 1575 enitendum.
776 1555 826 1561 -
851 1527 1067 1587 materia,
1098 1527 1324 1573 materies
1357 1527 1478 1585 ad21)
1509 1529 1550 1572 in
1586 1528 1636 1571 D.
1660 1529 1730 1580 37,
1752 1529 1809 1571 30

185 1601 242 1643 ad
272 1601 513 1651 dicendum3
560 1600 613 1645 H.
645 1600 678 1651 Ι,
727 1601 795 1651 51,
845 1602 899 1642 27
931 1601 989 1643 ad
1029 1602 1273 1655 finqendum
1301 1602 1640 1655 credendumque.
1683 1596 1809 1641 viros

185 1667 243 1710 ad
272 1670 316 1710 in
347 1668 401 1713 H.
434 1669 511 1720 1V,
546 1670 614 1721 56,
659 1671 710 1711 10
746 1671 804 1712 ad
833 1671 1107 1714 coercendum.
1168 1667 1302 1713 nisus
1344 1668 1403 1712 ad
1448 1671 1494 1712 in
1523 1670 1580 1714 A.
1611 1669 1690 1721 111,
1738 1670 1807 1722 46,

187 1740 240 1780 16
267 1740 325 1781 αᾱ
352 1741 665 1794 ras-urgendum.
698 1737 816 1782 fides
847 1738 904 1782 ad
934 1741 979 1782 in
1003 1740 1065 1795 H.
1096 1740 1152 1791 Π,
1175 1741 1216 1792 8,
1247 1741 1274 1782 6
1305 1741 1364 1783 ad
1387 1741 1633 1793 fallendum.
1665 1735 1806 1782 silen-

184 1805 303 1849 tium
336 1805 392 1849 ad
422 1808 466 1850 in
489 1808 542 1851 H.
577 1808 627 1860 V,
673 1809 742 1861 22,
788 1810 814 1850 8
845 1814 969 1864 utque
998 1810 1056 1852 ad
1091 1810 1326 1863 fallendum
1354 1809 1535 1860 silentio,
1577 1811 1640 1852 ita
1669 1813 1808 1863 coepta

183 1879 305 1921 caede
324 1904 381 1909 —
404 1883 548 1921 cuncta
568 1880 813 1923 clamoribus
843 1880 1022 1932 miscent,
1054 1880 1126 1922 ubi
1156 1881 1216 1923 ad
1240 1880 1472 1933 fallendum
1499 1880 1663 1923 silentio
1687 1879 1808 1934 quasi

184 1961 313 1989 unam
351 1947 566 1991 notionem
597 1948 770 1991 efficiat:
802 1948 944 1991 doloso
972 1949 1153 2000 silentio,
1184 1951 1228 1990 et
1256 1949 1450 1991 verbum:
1490 1949 1627 2005 primo
1656 1952 1805 2006 agunt,

185 2017 250 2058 vel
282 2018 416 2058 simile
446 2018 547 2071 quid
578 2018 860 2073 supplendum
890 2019 956 2060 sit.
998 2044 1044 2049 —
1077 2016 1279 2061 libertas
1310 2015 1368 2059 ad
1396 2019 1438 2060 in
1470 2018 1526 2063 A.
1557 2019 1636 2070 III,
1668 2019 1738 2070 51,
1781 2021 1803 2060 1

182 2087 354 2130 libertas
398 2089 457 2130 ad
500 2088 799 2141 paenitendum
843 2093 947 2132 erat.
996 2089 1066 2140 (cf.
1112 2088 1273 2131 Handii
1302 2088 1495 2145 exempla
1533 2089 1578 2131 in
1620 2088 1739 2132 Turs.
1769 2088 1805 2141 Ι,

181 2172 223 2213 p.
258 2157 376 2213 116.)
411 2182 459 2188 -

299 2253 334 2281 c.
368 2239 561 2293 Denique
583 2242 724 2281 autem
745 2241 848 2281 ‹ad›
874 2241 1146 2296 coniungitur
1166 2256 1260 2282 cum
1276 2237 1528 2293 ‘gerundivo
1552 2238 1803 2293 vorborum,

181 2308 232 2350 ad
263 2323 371 2363 quae
401 2308 611 2351 obiectum
632 2309 813 2359 accedit;
845 2309 976 2352 etiam
998 2309 1112 2352 hunc
1133 2319 1256 2352 usum
1277 2324 1330 2352 ex
1349 2309 1473 2352 locali
1493 2309 1803 2366 significatione

180 2377 505 2434 praepositionis
536 2380 726 2421 exortum
756 2392 847 2421 esse
878 2380 1082 2436 exempla,
1113 2380 1159 2422 in
1189 2380 1341 2435 quibus
1361 2380 1618 2436 praepositio
1637 2394 1689 2422 ex
1708 2394 1802 2423 ver-

129 2504 134 2508 .
178 2448 242 2488 bis
273 2449 469 2491 movendi
511 2450 687 2504 pendet,
733 2450 1048 2500 demonstrant,
1094 2451 1156 2492 ita
1185 2454 1348 2502 tamen,
1393 2453 1443 2493 ut
1474 2451 1523 2493 de
1555 2450 1692 2506 prima
1721 2450 1803 2494 hac

176 2517 484 2574 significatione
515 2534 601 2561 non
633 2520 719 2562 iam
749 2520 972 2576 cogitetur.
1003 2520 1054 2564 In
1086 2522 1233 2564 ceteris
1266 2535 1433 2577 quoque
1462 2520 1662 2576 exemplis
1691 2520 1800 2564 fina-

176 2588 227 2630 lis
258 2589 333 2632 illa
365 2590 424 2632 vis
458 2590 778 2647 praepositionis
815 2605 864 2633 ex
895 2591 1020 2635 locali
1060 2591 1267 2650 originem
1297 2591 1430 2635 trahit
1459 2593 1502 2634 et
1531 2591 1576 2634 in
1606 2592 1801 2653 omnibus

176 2661 498 2716 praepositione,
529 2677 638 2716 quae
664 2662 725 2703 ita
745 2665 985 2717 usurpatur,
1017 2664 1186 2705 dativus
1206 2664 1412 2705 commodi
1433 2663 1801 2705 circumscribitur.

175 2731 267 2782 Qua
299 2733 349 2775 de
381 2747 507 2775 causa
536 2733 728 2789 exempla
757 2733 841 2786 illa,
874 2734 946 2776 ubi
975 2749 1021 2776 re
1049 2749 1147 2778 vera
1169 2735 1334 2779 dativus
1353 2734 1609 2792 gerundivae
1639 2733 1798 2777 formae

291 2920 319 2966 ¹)
343 2921 389 2957 de
414 2921 601 2969 scriptura
625 2924 801 2961 vocabuli
826 2936 861 2961 v.
886 2923 1027 2961 Wolffl.
1051 2924 1091 2961 in
1115 2925 1214 2962 Phil.
1238 2926 1353 2962 XXV.
1377 2938 1414 2973 p.
1442 2925 1521 2963 101.
