2071 3219
195 209 263 260 35,
282 208 336 249 16
353 207 468 249 haud
482 207 623 248 minus
641 206 830 248 validum
850 206 909 248 ad
923 207 1100 250 exitium
1114 207 1332 251 Macronis
1351 208 1504 253 odium.
1529 209 1684 267 (Igitur
1701 199 1824 255 Han*-

195 279 290 319 dius
321 277 366 318 in
398 276 521 318 Turs.
552 276 587 326 I,
621 290 663 330 p.
703 277 783 317 122
814 289 901 317 non
933 277 1039 318 bene
1069 277 1205 318 locum
1236 277 1280 319 in
1312 277 1365 319 A.
1397 278 1574 332 VI„14,
1609 281 1663 323 10
1691 281 1826 333 inter-

196 347 467 403 pretabatur:
506 346 564 388 ad
594 344 790 389 Caesaris
828 346 1062 389 amicitiam
1100 339 1433 402 conciliandam).
1496 349 1639 404 Atque
1681 352 1828 394 analo-

195 418 310 473 giam
342 415 535 456 adiectivi
566 417 731 455 secutus
763 414 890 455 etiam
925 416 1113 456 verbum·
1130 417 1193 457 ita
1222 417 1363 471 posuit
1393 417 1438 458 in
1469 418 1522 461 A.
1556 417 1654 470 XII,
1675 419 1746 472 40,
1769 420 1827 462 24

193 488 337 541 plures
362 500 441 540 per
470 498 603 529 annos
632 488 746 540 yesta
776 486 985 538 coniunoei,
1017 502 1069 529 ne
1098 487 1239 530 divisa
1267 488 1384 530 haud
1395 490 1579 540 perinde
1599 491 1659 532 ad
1676 504 1827 533 memo-

195 559 310 600 riam
338 558 406 599 sni
436 555 630 598 calerent.
649 551 1000 609 —praeeipuus
1031 552 1110 598 ad:
1143 546 1270 601 in'A.
1302 555 1376 609 VI,
1412 558 1478 610 13,
1513 559 1564 601 11
1585 563 1729 603 eontra
1754 560 1829 603 Ti-

196 629 335 670 berius
361 627 611 679 praecipuos
640 626 698 667 ad
726 626 881 667 scelera
910 628 1133 680 increpans
1161 628 1376 670 admonuit
1385 644 1398 681 ;
1428 627 1543 680 XIV,
1577 629 1646 682 58,
1679 630 1706 672 6
1728 628 1827 674 Gor-

198 698 382 741 bulonem
412 721 468 727 ——
493 697 776 749 praecipuum
808 697 866 738 ad
888 697 1092 749 pericula,
1124 697 1231 751 quod
1265 697 1457 739 Rothius
1481 699 1625 740 vertit:
1658 700 1830 742 welcher

197 781 270 810 vor
299 766 408 808 allen
437 765 606 808 bedrolit
635 765 785 807 schien.
817 789 868 796 —-
894 765 946 807 A.
980 765 1012 817 I,
1048 767 1117 816 62,
1150 768 1176 808 9
1207 768 1294 809 sive
1322 769 1545 810 exercitum
1560 792 1617 799 —
1634 769 1828 812 tarda-

199 842 321 879 tum
351 837 411 878 ad
436 835 597 888 proelia
618 858 663 863 —
687 835 898 886 credebat;
930 834 1047 886 XIV,
1080 836 1148 887 23,
1181 837 1208 878 6
1229 840 1275 879 ut
1294 848 1513 890 ecquem
1543 838 1603 880 ad
1624 823 1828 891 pericula,

198 909 262 950 ita
291 907 529 960 infidam
561 906 617 947 ad
646 906 880 947 occasiones.
913 930 967 935 ——
1001 905 1055 947 H.
1088 905 1163 954 IV,
1199 907 1266 955 72,
1302 908 1349 947 11
1379 909 1516 961 posito
1545 909 1698 949 civium
1727 908 1828 950 bello

199 977 258 1018 ad
287 980 459 1018 externa
488 974 857 1016 modestiores.
890 998 947 1003 —
978 973 1032 1015 H.
1065 974 1153 1025 ΙΙΙ,
1198 976 1252 1017 67
1266 1008 1276 1027 ,
1313 978 1331 1017 1
1367 977 1581 1019 Surdae
1611 977 1669 1020 ad
1694 978 1824 1031 fortia

200 1046 375 1089 consilia
412 1045 570 1088 Vitellii
611 1058 746 1086 aures.
784 1069 830 1074 —
868 1043 921 1086 A.
956 1044 1049 1095 XV,
1090 1046 1159 1096 50,
1194 1046 1219 1086 8
1250 1046 1427 1089 Natalis
1459 1049 1744 1100 particeps
1773 1048 1831 1090 ad

200 1130 316 1160 omne
345 1119 543 1159 secretum
565 1114 716 1157 Pisoni
746 1118 848 1157 erat.
895 1113 948 1157 A.
983 1113 1078 1167 XII,
1113 1115 1182 1167 54,
1217 1116 1241 1157 7
1274 1118 1492 1160 aemulo
1522 1118 1580 1160 ad
1605 1116 1833 1160 deterrima

209 1187 399 1229 Ventidio
422 1184 620 1235 Cumano,
654 1185 703 1225 de
733 1197 817 1238 quo
847 1184 938 1225 loco
969 1199 1009 1227 v,
1042 1183 1182 1225 Hand.
1216 1184 1337 1226 Turs.
1369 1185 1402 1236 I,
1435 1201 1475 1241 p.
1513 1186 1608 1228 107.

320 1255 479 1297 Eadem
509 1254 639 1309 igitur
668 1254 833 1295 ratione
864 1253 1106 1307 expedimus
1138 1254 1278 1295 locum
1308 1254 1352 1295 in
1384 1255 1438 1299 H.
1471 1255 1526 1306 Π,
1558 1256 1628 1307 97,
1656 1256 1679 1297 7
1702 1257 1833 1298 trium

203 1327 410 1381 leyionwm
442 1324 568 1379 leyati
605 1347 651 1353 —
679 1323 900 1377 prosperis
938 1323 1093 1365 Vitellii
1121 1324 1244 1366 rebus
1273 1325 1542 1367 certaturi
1578 1325 1653 1367 ad
1685 1325 1829 1368 obse-

203 1397 430 1450 quium,
468 1394 689 1437 adversam
726 1395 815 1436 eius
846 1394 1059 1446 fortunam
1089 1407 1141 1436 eoe
1170 1409 1295 1448 aequo
1325 1383 1610 1438 detrectabant.
1658 1394 1833 1437 Simini-

203 1480 320 1508 mum
350 1465 488 1507 locum
521 1463 872 1520 Nfigelsbachius,
904 1463 977 1518 qui
1007 1463 1052 1505 in
1082 1463 1189 1506 libro
1219 1479 1312 1507 suo:
1346 1464 1440 1508 Lat.
1474 1463 1566 1507 Stil.
1595 1480 1636 1521 p.
1668 1465 1754 1507 340
1783 1465 1835 1508 de

205 1537 286 1578 hoc
316 1550 396 1576 usu
427 1534 631 1589 disputat,
666 1548 716 1575 ex
747 1534 936 1589 epistolis
967 1533 1176 1575 Ciceronis
1198 1534 1356 1586 attulit,
1380 1550 1479 1577 nam
1501 1535 1699 1577 Plancius
1722 1535 1834 1592 apud

207 1607 394 1650 ciceron.
427 1604 528 1648 fam.
563 1606 631 1654 10,
666 1605 705 1655 8,
738 1606 763 1646 6
796 1604 985 1658 scripsit:
1009 1606 1276 1656 provinciam
1315 1606 1479 1660 (habeo)
1511 1600 1836 1657 paratissimam

205 1680 243 1718 et
271 1663 437 1718 summa
477 1674 728 1715 contentione
769 1673 826 1715 ad
856 1673 995 1727 officia
1027 1676 1265 1722 certantem3
1297 1674 1538 1729 ibidemque
1570 1675 1700 1716 etiam
1731 1675 1836 1717 alios

205 1747 318 1788 locos
350 1746 595 1798 comparat3
633 1746 829 1785 accurate
875 1748 1042 1798 praeter
1082 1743 1197 1784 hunc
1225 1743 1414 1785 Heraeus
1456 1744 1507 1786 de
1534 1741 1637 1787 'loco
1668 1744 1837 1786 Taciteo

207 1817 308 1872 agit,
341 1815 481 1856 minus
511 1816 624 1855 recte
655 1813 851 1855 Handius
882 1813 927 1854 in
959 1813 1080 1855 Turs.
1112 1813 1145 1863 I,
1170 1829 1210 1868 p.
1237 1815 1339 1862 119;
1364 1814 1582 1855 Walchius
1612 1815 1657 1855 in
1679 1814 1836 1855 Emen-

206 1884 446 1928 dationibus
478 1882 669 1926 Livianis
701 1898 741 1938 p.
774 1884 843 1934 24,
876 1882 1011 1925 Pabst
1041 1882 1085 1924 in
1117 1881 1260 1939 Eclog.
1293 1882 1426 1926 Tacit.
1460 1899 1499 1939 p.
1524 1884 1608 1926 329
1631 1885 1703 1939 qui
1729 1885 1832 1926 «ad»

207 1970 284 2011 pro
321 1954 483 2008 ‹apud»
519 1968 610 1994 esse
640 1954 800 2004 volunt,
833 1956 881 1994 ut
910 1967 1059 1995 sensus
1091 1954 1164 1995 sit:
1198 1954 1398 1996 certaturi
1429 1954 1475 1995 in
1506 1954 1719 2009 obsequio.
1771 1954 1833 1997 Cf.

207 2025 390 2079 denique
422 2022 559 2066 Greef.
593 2039 634 2078 p.
670 2024 723 2065 16
755 2024 797 2065 in
830 2026 944 2066 nota.
979 2049 1031 2055 -

326 2095 381 2138 A.
414 2092 488 2145 VI,
522 2093 591 2143 20,
624 2093 650 2133 3
681 2106 730 2134 ex
760 2094 855 2146 quis
887 2092 1108 2136 Geminius
1132 2093 1400 2147 prodiyentia
1430 2107 1554 2146 opum
1584 2102 1640 2137 ac'
1662 2093 1838 2135 mollitia

206 2166 316 2207 vitae
346 2164 567 2206 amicus
597 2162 747 2204 Seiano
781 2162 889 2203 nihil
919 2163 994 2204 ad
1024 2163 1256 2214 serium,
1288 2163 1358 2203 ubi
1394 2162 1661 2204 Waltherus:
1706 2161 1840 2205 «nihil

208 2235 328 2289 quod·
346 2234 405 2276 ad
434 2233 593 2276 serium
624 2235 836 2285 spectaret.
884 2232 956 2275 Sic
988 2232 1143 2275 Graeci
1166 2238 1328 2286 ponunt
1357 2231 1463 2287 πρός
1495 2246 1587 2274 cnm
1616 2246 1764 2283 accus„
1793 2236 1839 2274 ut

209 2304 397 2347 adverbii
427 2304 510 2345 loco
538 2303 634 2343 sit.»
674 2325 719 2330 —
757 2300 810 2344 A.
842 2301 917 2352 XI,
950 2303 1018 2353 36,
1055 2304 1106 2343 12
1130 2303 1312 2355 paribus
1341 2302 1590 2344 lasciviis
1630 2301 1704 2343 ad
1744 2312 1838 2343 cu-

202 2373 465 2427 pidinem
495 2376 545 2414 et
565 2371 829 2424 fastidia.
870 2395 925 2401 -—
956 2371 1010 2413 H.
1051 2371 1089 2423 I,
1123 2372 1203 2422 54,
1239 2372 1291 2413 16
1328 2370 1522 2424 faciliore
1562 2372 1672 2414 inter
1709 2371 1840 2414 malos

209 2456 404 2487 consensu
434 2442 492 2485 ad
520 2441 668 2485 bellum
698 2454 825 2496 qnam
855 2442 899 2484 in
924 2455 1030 2495 pace
1059 2443 1117 2485 ad
1147 2441 1418 2486 concordiam.
1469 2440 1627 2484 Tamen
1657 2457 1744 2485 non
1765 2456 1839 2483 ne-

211 2513 400 2570 gaverim
431 2512 635 2554 maiorem
666 2511 955 2566 exemplorum
987 2515 1151 2568 partem
1183 2526 1275 2554 eam
1313 2525 1478 2567 quoque
1516 2511 1837 2567 explicationem

213 2584 455 2633 admittere,
501 2586 549 2624 ut
595 2581 950 2637 praepositionem
993 2596 1065 2635 pro
1105 2583 1247 2623 dativo
1288 2581 1492 2623 commodi
1528 2581 1710 2636 positam
1750 2595 1839 2622 esse

212 2653 505 2695 contendatur.
539 2677 597 2682 —

331 2737 365 2764 c.
414 2721 518 2764 Cum
563 2722 665 2764 «ad»
706 2722 799 2763 loco
841 2720 1165 2777 praepositionis
1204 2718 1454 2763 secundum
1484 2724 1606 2772 esset,
1649 2721 1839 2763 derivata

212 2792 465 2849 significatio
507 2795 571 2834 est
613 2792 664 2834 de
709 2791 940 2834 accedendo
984 2791 1036 2834 ad
1076 2805 1184 2842 rem,
1227 2794 1274 2832 ut
1314 2806 1391 2833 nos
1422 2790 1617 2833 dicimus:
1661 2806 1715 2832 an
1746 2790 1838 2833 eine

213 2863 349 2905 Sache
379 2862 730 2914 herankommen,
761 2861 1031 2916 herangehen
1048 2894 1058 2912 ,
1100 2874 1196 2915 pro:
1240 2860 1307 2902 ihr
1346 2859 1514 2902 ahnlich
1557 2859 1659 2905 sein.
1722 2859 1840 2903 Haec
