2071 3219
892 98 1176 140 -44-

220 224 407 266 ablativo
436 224 709 267 instrumenti
741 229 937 281 ponatur.
951 225 982 279 ¹)
1014 226 1079 269 De
1101 226 1195 269 aliis
1222 226 1336 279 locis,
1368 228 1441 271 ubi
1465 229 1593 272 verba
1623 229 1766 272 erectis
1795 229 1854 271 ad

217 295 354 347 aliqd,
397 295 623 337 coniuncta
666 297 775 348 sint,
822 297 883 338 ita
933 302 1077 338 tamen
1120 301 1170 338 ut
1210 298 1467 352 praepositio
1512 300 1642 341 alium
1684 313 1851 341 sensum

218 364 377 406 habeat
406 379 443 405 v.
475 365 652 407 inferius
683 382 713 408 s.
745 366 802 417 II,
836 367 875 408 d.
937 367 1088 421 Itaque
1119 382 1205 409 non
1236 367 1407 419 dubito,
1451 369 1555 423 quin
1585 368 1848 411 scribendum

217 434 290 476 sit:
323 435 466 477 erectis
495 437 681 478 omnium
712 436 868 479 animis
898 436 956 479 ad
984 450 1098 490 spem
1127 438 1331 491 petendae
1348 473 1357 481 .
1377 470 1386 479 .
1406 471 1415 480 .
1430 471 1440 490 ,
1473 438 1723 494 praesertim
1754 452 1849 480 cum

217 504 357 559 ipsum
387 509 543 548 erectus
574 507 633 547 ad
663 506 727 547 vel
757 508 804 548 in
833 522 948 560 spem
979 509 1186 562 quaedam
1216 509 1398 550 formula
1420 509 1594 552 Tacitea
1624 511 1737 552 facta
1763 525 1851 552 esse

218 575 425 621 videatur.
474 600 518 607 —
557 576 702 619 Verba
752 578 891 621 erebro
942 583 1086 633 questu
1137 594 1212 635 pro
1263 579 1446 623 ablativo
1498 581 1690 623 absoluto
1740 581 1850 624 acci-

221 645 375 701 pienda
407 650 519 689 sunt.

339 719 377 759 5.
413 718 605 772 Denique
627 719 743 760 locus
765 721 1153 762 commemorandus
1181 723 1261 771 est,
1295 721 1367 775 qui
1399 721 1557 776 legitur
1587 721 1633 762 in
1654 721 1709 766 A.
1733 722 1848 772 XVI,

219 787 294 838 23,
339 788 364 830 9
414 803 537 843 quem
582 791 631 846 ut
672 794 785 832 recte
816 790 1086 846 expediamus
1117 791 1377 843 iterandum,
1422 792 1531 846 quod
1563 792 1647 834 iam
1679 792 1724 835 in
1756 792 1850 835 aliis

219 857 323 899 locis
354 858 588 899 tractandis
620 859 786 914 saepius
817 860 984 911 monui,
1028 860 1138 904 nihil
1182 875 1268 902 esse
1299 861 1594 917 supplendum,
1628 862 1700 903 sed
1729 877 1849 904 ener-

216 929 374 984 getica,
425 944 534 984 quae
577 929 748 980 dicitur,
796 930 835 972 vi
883 931 1208 986 praepositionis
1239 932 1331 974 fieri
1369 947 1510 988 posse,
1553 934 1601 975 ut
1631 933 1694 975 ita
1724 933 1850 975 verba

218 1001 487 1054 usurpentur.
552 999 665 1041 Nam
705 1000 751 1041 in
791 1015 840 1042 eo
876 1001 944 1042 vel
975 1001 1238 1055 potissimum
1270 1002 1532 1044 admirabilis
1563 1002 1636 1044 illa
1666 1002 1850 1044 brevitas

217 1069 306 1110 stili
352 1069 512 1112 Tacitei
559 1071 643 1112 sita
685 1074 774 1122 est,
822 1071 932 1125 quod
979 1072 1171 1114 liberiore
1216 1073 1576 1127 praepositionum
1606 1088 1686 1115 usu
1717 1074 1850 1115 multa

216 1140 430 1193 efferebat,
463 1155 570 1196 quae
602 1141 729 1184 ceteri
759 1140 985 1198 scriptores
1005 1142 1254 1198 ambagibus
1286 1145 1359 1185 aut
1391 1143 1630 1200 participiis
1652 1146 1727 1186 aut
1746 1143 1849 1185 totis

216 1210 439 1252 sententiis
471 1211 677 1253 adhibitis
700 1214 1068 1266 consequerentur.
1102 1211 1230 1254 Cuius
1249 1213 1471 1255 brevitatis
1494 1214 1610 1255 aliud
1631 1214 1848 1269 egregium

216 1280 429 1336 specimen
462 1281 640 1324 inferius
672 1296 704 1324 s.
737 1282 800 1333 ΙΙ,
834 1297 871 1334 a,
907 1283 923 1323 1
964 1282 1085 1324 nobis
1116 1286 1317 1328 occurret.
1366 1282 1506 1326 Verba
1537 1284 1636 1334 loci,
1680 1284 1732 1326 de
1764 1298 1848 1338 quo

215 1366 352 1392 sermo
384 1355 459 1402 est,
502 1352 605 1394 haec
636 1356 757 1394 sunt:
800 1358 847 1394 ut
884 1354 941 1394 ad
977 1358 1148 1395 externa
1181 1355 1419 1396 rumor-ibus
1449 1355 1689 1396 intestinam
1718 1355 1849 1396 scelus

214 1422 527 1476 obscuraretur;
556 1438 633 1467 nos
664 1423 847 1478 quidem,
879 1426 929 1466 ut
962 1438 1131 1467 sensum
1152 1423 1233 1467 loci
1255 1423 1672 1480 comprehendamus,
1705 1427 1847 1468 mente

214 1492 429 1549 supplere:
464 1492 517 1535 ad
548 1495 721 1536 externa
750 1493 989 1536 rumoribus
1021 1491 1252 1537 conversis
1272 1508 1437 1537 necesse
1460 1496 1537 1546 est,
1571 1494 1643 1537 sed
1666 1493 1845 1547 Latinis,

214 1564 250 1604 si
282 1564 496 1605 notionem
511 1596 520 1614 ,
565 1580 672 1618 quae
704 1566 909 1607 vocabulo
939 1580 1083 1607 rumor
1114 1567 1248 1616 inest,
1281 1566 1557 1620 respicerent,
1593 1566 1846 1619 ambiguitas

213 1633 332 1676 nulla
363 1648 451 1676 esse
483 1635 638 1689 potuit.
676 1634 871 1677 Ceterum
903 1635 954 1677 de
985 1635 1190 1677 similibus
1223 1636 1393 1678 vocibus
1425 1635 1591 1690 saepius
1623 1636 1708 1677 iam
1741 1635 1845 1677 vidi-

212 1718 318 1755 mus,
352 1703 423 1760 (cf.
448 1719 489 1760 p.
514 1706 583 1756 25,
618 1706 705 1757 36),
737 1705 808 1747 hic
839 1708 981 1747 autem
1011 1706 1127 1747 locus
1158 1706 1412 1747 insolentius
1433 1705 1554 1747 nobis
1588 1706 1724 1746 dictus
1756 1719 1845 1747 esse

213 1774 448 1817 videbatur.
482 1774 580 1816 Non
612 1775 718 1817 bene
749 1776 799 1817 de
830 1791 879 1817 eo
911 1775 1107 1817 Handius
1141 1775 1192 1829 (Ι,
1227 1791 1266 1830 p.
1298 1776 1373 1829 98)
1408 1776 1650 1830 disputavit.
1683 1800 1737 1806 —

332 1857 369 1899 6.
404 1855 615 1899 Omnibus
645 1857 809 1914 linguis
835 1857 878 1899 id
902 1872 1132 1900 commune
1163 1859 1238 1908 est,
1278 1861 1325 1900 ut
1354 1857 1490 1913 magis
1522 1859 1741 1913 magisque
1757 1857 1842 1899 *de-

212 1927 491 1970 clinationum
538 1943 660 1971 casus
711 1929 930 1984 particulis
981 1928 1401 1979 circumscribantur,
1455 1931 1668 1984 postremo
1721 1929 1844 1985 plane

212 2002 488 2050 evanescant,
536 2003 585 2041 ut
614 2015 649 2044 e.
683 2015 714 2041 c.
748 2000 792 2041 in
832 2000 982 2054 lingua
1021 1999 1339 2054 Francogallica
1377 1995 1643 2054 Anglicaque
1683 2000 1843 2041 factum

212 2071 287 2120 est,
322 2084 431 2124 quae
463 2071 618 2125 exigua
649 2072 819 2113 tantum
852 2070 1034 2125 vestigia
1066 2085 1252 2122 casuum,
1284 2070 1356 2125 qui
1390 2070 1570 2126 propriis
1591 2070 1738 2113 formis
1771 2086 1843 2113 ex-

211 2140 343 2194 pressi
375 2140 473 2191 sint,
506 2140 719 2183 exhibent.
753 2140 1034 2196 Praecipuum
1067 2140 1281 2190 auxilium,
1314 2156 1398 2195 quo
1430 2156 1551 2202 casus
1582 2142 1842 2184 substituan-

211 2211 282 2250 tur
313 2211 673 2264 praepositionum
705 2226 805 2253 usus
836 2212 1023 2266 praebet.
1034 2212 1067 2264 2)
1101 2210 1144 2252 Si
1176 2225 1300 2253 causa
1331 2212 1584 2265 quaerenda,
1616 2212 1843 2266 commodi-

334 2385 360 2431 l)
386 2384 543 2419 erectus
571 2382 613 2419 in
641 2383 790 2429 aliquid
815 2386 855 2421 in
889 2387 978 2422 solis
1014 2385 1191 2422 Historiis
1222 2385 1426 2432 reperitur:
1461 2385 1500 2420 in
1532 2386 1577 2422 H.
1609 2386 1635 2428 Ι,
1668 2387 1702 2428 4,
1729 2386 1772 2421 14
1805 2388 1844 2422 et

208 2444 256 2489 ΙΙ,
283 2445 338 2486 74,
366 2445 406 2479 11
434 2455 548 2489 spem;
574 2445 620 2480 II.
647 2445 702 2485 11,
729 2446 750 2480 8
776 2445 959 2482 Othonem.

330 2502 358 2548 ²)
384 2502 437 2537 Cf.
451 2504 518 2539 hos
531 2506 682 2548 praeter
696 2504 790 2540 alios
806 2504 916 2549 locon,
930 2504 969 2539 in
980 2504 1116 2549 quibus
1131 2503 1213 2538 «in»
1227 2514 1293 2549 pro
1306 2514 1393 2538 casu
1406 2503 1571 2549 positum
1585 2515 1663 2540 esse
1678 2504 1843 2540 videtur:

208 2563 249 2598 in
275 2562 319 2597 D.
347 2563 380 2603 7,
406 2563 445 2607 53
469 2563 514 2597 A.
539 2563 566 2605 Ι,
595 2564 650 2605 10,
677 2564 741 2605 22;
768 2565 825 2608 55,
850 2564 888 2605 8;
915 2564 978 2605 XI,
1006 2564 1038 2608 3,
1066 2565 1102 2604 7;
1128 2561 1211 2607 XII,
1236 2564 1292 2604 25,
1320 2563 1358 2605 1;
1381 2563 1459 2605 XV,
1485 2563 1540 2608 (34,
1567 2565 1607 2605 83
1644 2563 1687 2599 A.
1714 2564 1761 2605 II,
1787 2564 1843 2609 39,

211 2622 254 2655 10
284 2623 406 2666 forma
434 2622 536 2656 haud
568 2623 739 2657 dissimili
772 2623 813 2657 in
843 2623 1051 2666 dominum,·
1088 2622 1152 2663 IV,
1189 2622 1221 2659 2.
1252 2622 1274 2655 4
1308 2622 1348 2656 in
1382 2626 1509 2657 ceteros
1532 2626 1645 2657 metus
1668 2626 1844 2663 oreretur3

209 2679 385 2716 similiter
409 2679 448 2715 in
475 2680 500 2714 l.
526 2680 609 2721 XII,
635 2681 691 2724 35,
718 2681 760 2723 93
786 2681 814 2725 I,
841 2682 897 2726 62,
923 2682 944 2717 6
968 2682 1180 2727 gratissimo
1204 2692 1348 2716 ntunere
1371 2681 1411 2716 in
1437 2680 1633 2726 defunctos,
1667 2681 1845 2717 similiter

209 2738 249 2773 in
273 2738 299 2773 1.
326 2739 390 2782 VI,
416 2740 448 2781 7,
477 2740 542 2781 143
574 2739 622 2781 ΙΙ,
647 2740 705 2781 48,
734 2740 772 2780 1;
798 2740 898 2782 XVI,
929 2741 983 2782 11,
1009 2742 1048 2782 6;
1084 2740 1112 2783 Ι,
1140 2740 1195 2781 78,
1221 2739 1261 2782 23
1293 2739 1360 2781 ΙΙΙ,
1386 2740 1442 2780 52,
1472 2740 1529 2781 13;
1557 2759 1602 2765 -
1627 2740 1690 2781 VI,
1719 2733 1772 2782 11,
1799 2741 1844 2775 13

207 2797 249 2831 in
267 2798 401 2833 crimen
425 2799 622 2840 duceretur,
651 2810 720 2843 pro
739 2798 954 2839 ‹crimini»;
980 2800 1037 2842 28,
1063 2800 1102 2839 6;
1128 2799 1192 2840 IV,
1218 2799 1251 2840 9,
1277 2799 1299 2832 6
1316 2800 1354 2834 et
1370 2798 1432 2841 VI,
1457 2799 1513 2839 51,
1540 2799 1584 2833 12
1599 2812 1608 2840 ;
1633 2799 1689 2841 30,
1713 2800 1753 2840 6;
1780 2799 1845 2842 ΧΙ,

207 2855 266 2898 25,
294 2855 355 2898 10;
381 2855 464 2899 XII,
490 2857 523 2898 8,
550 2857 588 2900 93
616 2857 672 2899 14,
699 2857 740 2899 8;
772 2857 829 2899 32,
856 2858 878 2892 9
901 2858 944 2893 in
968 2857 1125 2903 reliquos
1148 2858 1241 2894 data
1263 2857 1391 2903 venia5
1421 2856 1559 2894 deinde
1583 2868 1713 2894 vocem
1737 2856 1843 2893 illam

207 2915 248 2951 in
273 2915 317 2951 A.
346 2915 407 2961 XI,
432 2917 466 2958 3,
493 2917 513 2951 7
540 2921 662 2953 secuta
699 2922 784 2953 sunt
819 2917 969 2953 Claudii
1004 2919 1111 2953 verba
1148 2918 1187 2952 in
1223 2918 1371 2953 eandem
1403 2918 1633 2962 clementiam,
1671 2916 1732 2952 cui
1764 2917 1844 2954 loco
