2071 3219
855 128 1143 171 -61-

187 258 392 313 defunctis
420 259 589 314 reyibus
617 260 691 300 aut
719 256 776 299 ad
804 256 1011 299 modicum
1040 255 1243 308 redactis,·
1283 253 1336 298 A.
1369 253 1445 307 VI,
1477 255 1548 306 22,
1582 255 1637 297 10
1666 255 1724 297 ad
1751 269 1813 298 se-

186 322 377 372 muncias
403 329 615 371 redactum
644 326 841 380 (faenus).
888 324 951 368 cf.
983 325 1034 367 A.
1065 324 1141 376 XI,
1185 325 1224 376 7,
1277 326 1327 367 17
1366 325 1580 378 capiendis
1616 326 1815 379 pecuniis

186 399 355 441 modum
384 398 582 439 statuit
603 419 654 425 —
674 396 787 449 quod
817 395 990 436 verbum
1020 395 1064 435 in
1093 394 1234 436 codiee
1255 394 1456 435 &missum
1477 393 1659 436 Orellius
1686 395 1813 436 resti-

186 468 271 511 tuit
309 491 362 499 ——
399 480 527 521 usque
566 465 625 509 ad
667 465 775 509 dena
815 465 1026 517 sestertia,
1072 464 1146 507 ubi
1187 464 1363 507 fortasse
1402 478 1479 519 pro
1518 463 1813 507 emendatione

189 537 359 579 Orellii:
397 537 566 578 modam
595 536 807 589 ‘redegit
835 548 965 589 usque
993 535 1050 576 ad
1079 535 1121 576 d.
1151 548 1185 577 s.
1216 534 1482 576 scribendum
1513 538 1593 582 est;
1634 533 1684 577 A.
1717 533 1812 584 XV,

190 608 258 658 39,
291 608 317 649 9
332 607 597 660 pretiumque
618 606 824 660 frumenti
844 606 1134 648 minutum
1154 615 1329 658 usque
1348 604 1423 647 ad
1443 608 1628 646 ternos
1646 615 1812 661 num-

188 688 322 719 mos.
357 699 408 706 ——
444 676 493 717 A.
525 675 603 725 XI,
648 676 715 726 10,
759 676 814 716 22
845 676 940 729 quis
982 674 1213 730 (precibus)
1253 674 1511 727 permitti
1540 673 1813 716 Meherdaten
1901 669 1914 673 ”

181 748 377 801 patrium
407 747 464 789 ad
504 746 724 801 fastiyium
753 745 950 798 orabant,
995 744 1038 789 h.
1071 759 1105 786 e.
1141 744 1351 801 permitti,
1394 746 1443 786 nt
1473 744 1584 786 Meh.
1617 747 1727 799 patr.
1761 744 1812 785 ad

188 818 289 861 fast.
319 817 551 860 tolleretur.

308 886 467 928 Eadem
498 885 821 941 praepositionis
852 885 914 927 vis
945 885 1067 927 nobis
1098 886 1278 926 occurrit
1307 884 1353 925 in
1393 884 1616 939 exemplis:
1649 883 1700 925 A.
1735 882 1810 934 VI,

190 957 258 1009 44,
294 957 345 998 16
377 955 462 1009 leye
491 955 634 998 eadem
663 959 892 997 extremum
922 955 980 996 ad
1011 954 1266 1007 supplicium
1295 954 1540 1005 damnatus,·
1582 953 1697 1004 XVI,
1739 954 1811 1002 21,

192 1027 245 1068 10
276 1027 336 1068 ad
363 1029 532 1068 mortem
563 1010 911 1079 damnabatur;¹)
942 1024 1139 1066 similiter
1168 1025 1213 1065 in
1244 1024 1297 1068 A.
1313 1023 1390 1073 III,
1408 1024 1479 1074 49,
1496 1025 1522 1065 9
1544 1024 1616 1066 sed
1636 1037 1813 1077 aryuen-

187 1096 296 1138 tibus
316 1096 374 1137 ad
395 1095 626 1148 perniciem
649 1094 752 1147 plus
778 1095 880 1149 fidei
906 1095 1004 1147 fuit,
1027 1093 1206 1135 breviter
1226 1093 1386 1135 dictum
1411 1108 1502 1148 pro:
1537 1093 1812 1149 arguentibus

190 1180 266 1222 per
296 1165 484 1217 crimina,
519 1164 671 1220 quibus
701 1179 797 1206 eum
830 1164 882 1207 ad
916 1163 1141 1220 perniciem
1174 1163 1366 1206 damnari
1399 1163 1669 1207 efficiebatur.
1731 1161 1812 1211 Qui

189 1236 304 1277 locus
335 1249 429 1277 cum
460 1234 628 1289 proprie
659 1249 700 1289 p.
734 1235 790 1276 46
821 1234 1208 1276 commemorandus
1239 1236 1367 1285 esset,
1412 1233 1492 1275 hoc
1522 1234 1612 1276 loco
1644 1233 1811 1274 facilius

189 1305 390 1360 explicari
423 1319 543 1359 posse
566 1305 799 1349 videbatur.
832 1304 895 1348 Cf.
918 1303 973 1348 H.
997 1304 1029 1355 I,
1061 1305 1130 1354 49,
1166 1306 1219 1345 14
1249 1317 1379 1356 usque
1409 1304 1466 1346 ad
1494 1303 1657 1356 culpam
1687 1305 1812 1358 iyna·

186 1390 261 1417 rus
269 1390 283 1426 ;
329 1375 403 1426 IV,
448 1376 516 1426 73,
558 1376 584 1415 9
616 1376 646 1427 †
674 1389 774 1428 quos
814 1375 1048 1417 discordiae
1086 1389 1215 1427 usque
1252 1375 1309 1415 ad
1339 1374 1510 1416 exitium
1549 1375 1812 1427 fatiyabant5

187 1446 239 1486 A.
257 1443 371 1495 XIV,
391 1445 457 1495 15,
480 1444 505 1485 5
527 1444 747 1486 histrionis
766 1448 896 1486 artem
925 1448 1156 1485 exercerent
1185 1457 1314 1497 usque
1344 1443 1404 1492 ad>
1431 1446 1566 1497 yestus
1595 1443 1813 1497 modosque

185 1515 301 1556 haud
328 1513 493 1565 virilc35
538 1514 616 1564 26,
661 1514 687 1553 8
726 1527 853 1566 usque
891 1514 950 1554 ad
985 1513 1172 1554 servilem
1205 1514 1461 1566 patientiam
1490 1513 1720 1559 demissus,-
1761 1512 1812 1553 de

191 1597 347 1637 «usque
377 1583 447 1623 in»
483 1597 521 1625 v.
555 1598 596 1636 p.
628 1583 683 1623 28
714 1582 759 1623 in
791 1585 880 1625 not.
916 1583 952 1623 1.
989 1605 1037 1611 -

302 1651 342 1693 b.
377 1649 468 1691 Non
502 1665 599 1692 raro
631 1649 888 1705 praepositio
918 1650 980 1692 ita
1011 1650 1198 1705 ponitur,
1230 1652 1278 1692 ut
1306 1647 1375 1693 rei
1404 1647 1546 1692 aliam
1576 1660 1674 1692 rom
1704 1647 1810 1692 addi

185 1718 262 1761 vel
293 1718 351 1761 ad
382 1729 484 1761 eam
513 1717 750 1773 pertinere
781 1717 917 1762 aliam
934 1730 1033 1762 rem
1052 1720 1278 1776 significet,
1309 1721 1353 1762 in
1386 1735 1469 1775 quo
1500 1735 1579 1763 usu
1612 1720 1809 1763 discerni-

188 1804 304 1831 mus:

308 1860 346 1903 1.
379 1859 416 1900 si
451 1860 556 1902 ‹ad›
590 1860 802 1914 exprimit,
832 1857 904 1901 rei
934 1856 1104 1913 aliquid
1136 1857 1351 1913 adiungi:
1384 1858 1643 1913 adiungere
1676 1858 1734 1902 ad
1763 1861 1808 1902 in

186 1929 237 1970 A.
270 1927 346 1979 IV,
379 1930 447 1979 40,
482 1930 501 1969 1
537 1930 612 1971 Ad
640 1943 689 1971 ea
723 1930 920 1971 Tiberius
949 1929 1123 1972 laudata
1147 1931 1304 1982 pietate
1334 1930 1480 1973 Seiani
1510 1954 1567 1960 —
1597 1931 1807 1973 adiunxit.

188 1995 353 2040 addere
394 1996 451 2039 ad
492 1998 538 2039 in
583 1998 637 2043 H.
687 1998 725 2051 Ι,
769 2000 837 2051 72,
882 1999 935 2040 16
978 1999 1128 2042 addita
1168 2000 1226 2042 ad
1265 2003 1379 2042 vetus
1426 2000 1622 2055 Tiqellini
1666 2001 1810 2043 odium

185 2069 337 2111 recenti
372 2092 418 2098 —
455 2068 630 2110 invidia.
692 2064 870 2111 adferre
896 2066 978 2115 ad:
1020 2070 1065 2111 in
1109 2069 1160 2111 D.
1204 2069 1245 2120 8,
1285 2070 1341 2112 25
1386 2068 1581 2123 Crispum
1622 2071 1811 2115 attulisse

186 2139 245 2181 ad
273 2140 504 2182 amicitiam
532 2153 674 2187 suam,·
705 2140 814 2194 quod
833 2155 917 2193 —‚·
956 2139 1008 2182 H.
1040 2140 1074 2192 I,
1106 2140 1175 2192 37,
1209 2141 1263 2183 13
1293 2140 1321 2194 †
1350 2141 1532 2197 gloriam
1562 2142 1621 2183 ad
1641 2143 1809 2195 princi-

183 2214 346 2263 patum.
389 2206 604 2251 aecedere
628 2206 703 2251 adt
733 2210 778 2251 in
809 2209 861 2253 D.
899 2211 966 2264 16,
1001 2212 1026 2253 2
1058 2211 1116 2254 ad
1150 2212 1268 2254 cuius
1301 2224 1506 2256 summam
1537 2212 1809 2255 eruditionem

187 2303 245 2310 -—-
267 2293 369 2322 cura
399 2293 553 2335 quoque
582 2283 620 2322 et
649 2272 862 2324 meditatio
892 2281 1080 2335 accessit‚·
1110 2281 1179 2333 36,
1205 2282 1260 2323 14
1281 2282 1339 2324 ad
1367 2295 1531 2324 summa
1561 2282 1811 2337 eloquentiae

179 2351 376 2403 praemia
402 2365 552 2405 mayna
581 2351 707 2392 etiam
735 2353 954 2412 necessitas
982 2353 1207 2394 accedebat.
1239 2352 1290 2393 In
1310 2352 1460 2393 ceteris
1490 2353 1656 2406 seriptis
1686 2368 1809 2395 num-

187 2434 314 2475 quam
344 2433 439 2463 eum
469 2419 790 2476 praepositione,
823 2435 932 2476 quae
962 2420 1073 2465 hane
1103 2421 1188 2464 vim
1218 2421 1385 2475 habeat,
1415 2421 1495 2464 hoc
1516 2422 1687 2464 verbum
1708 2436 1808 2465 con-

186 2490 392 2545 iungitur,
430 2490 498 2545 (cf.
532 2506 571 2545 p.
616 2491 692 2540 12;
741 2492 816 2542 32,
858 2492 1097 2546 ibidemque
1136 2493 1187 2535 de
1224 2493 1348 2534 verbo
1388 2493 1658 2544 ‹adiciendi,»
1696 2493 1808 2547 quod

186 2574 279 2602 cum
311 2559 455 2603 dativo
484 2560 772 2615 construitur).
1246 2570 1249 2572 ’

304 2629 501 2687 Saepius,
554 2630 748 2686 inprimis
799 2631 845 2673 in
885 2631 1124 2674 Annalibus
1181 2635 1309 2687 atque
1364 2647 1507 2675 eorum
1552 2635 1720 2675 tantum
1762 2633 1808 2674 in

186 2701 406 2755 postremis
435 2701 553 2743 libris
583 2701 740 2757 legitur
768 2702 969 2745 formula:
1003 2700 1060 2744 ad
1080 2700 1183 2759 hoc,
1214 2718 1342 2757 quam
1363 2718 1439 2745 nos
1469 2704 1682 2745 simillime
1712 2704 1807 2745 red·

307 2863 334 2906 ¹)
360 2861 430 2898 Hic
457 2875 544 2898 usus
572 2864 818 2899 recentiorum
843 2865 1066 2910 scriptorum
1098 2866 1174 2906 est,
1209 2865 1308 2910 quod
1339 2877 1385 2901 ex
1411 2867 1499 2901 nota
1522 2865 1745 2911 Nipperdeii
1770 2867 1809 2900 et

187 2932 234 2957 ex
258 2920 442 2967 exemplis
467 2932 490 2957 a
516 2921 736 2959 Forcellinio
760 2921 924 2959 collectis
948 2922 1137 2960 discimus.
