2071 3219
893 100 1147 140 ...2-

323 227 428 270 Cum
459 227 508 268 in
540 226 683 269 animo
713 240 800 268 non
832 226 900 278 sit,
933 228 982 268 ut-
1012 226 1062 269 de
1093 226 1258 283 origine
1280 228 1464 281 voculae,
1497 243 1604 285 quae
1625 231 1691 271 est
1715 229 1835 280 «ad»,

204 298 428 353 disputem,
459 297 540 338 hoc
571 297 720 338 statim
751 297 843 338 1000
876 297 1065 351 profiteri
1096 297 1237 349 licea-t,
1270 313 1398 352 quam
1429 299 1639 341 rationem
1669 303 1836 342 secutus
1863 346 1868 352 .
1918 281 1920 283 -

203 369 283 412 sim
314 368 360 411 in
391 367 699 423 distinguendis
730 366 860 410 variis
891 367 1141 422 generibus,
1185 368 1340 423 quibus
1371 369 1544 412 Tacitus
1576 384 1627 412 ea
1657 384 1836 425 praepo-

205 438 359 480 sitione
402 451 504 479 usus
551 437 619 478 sit.
684 436 883 490 Omnium
924 438 1287 492 praepositionum
1328 442 1494 481 constat
1535 454 1624 481 esse
1656 440 1836 494 primam

205 508 561 563 significationem
584 507 772 557 localem,
804 508 950 561 itaque
972 509 1175 562 exempla,
1207 523 1317 562 quae
1348 509 1430 550 huc
1451 510 1679 563 pertinent,
1703 510 1837 564 primo

203 579 295 621 loco
325 576 521 634 ponenda
551 576 812 629 existimavi,
846 577 1029 621 secundo
1061 578 1216 631 autem,
1250 593 1345 621 cum
1377 578 1587 622 artissima
1617 579 1836 623 adfinitate

204 648 522 705 coniungantur
554 648 669 690 locus
700 649 742 689 et
773 650 955 703 tempus,
988 662 1037 690 ea
1067 649 1291 700 collocavi,
1335 650 1407 691 ubi
1443 650 1546 691 «ad»
1582 650 1753 692 accedat
1783 650 1836 692 ad

208 720 427 770 vocabula,
470 733 578 774 quae
613 719 818 773 temporis
855 720 1075 760 notionem
1116 720 1368 775 exprimant.
1432 721 1620 762 Tertium
1657 722 1836 776 denique

205 806 340 847 genus
373 790 566 833 efficiunt
595 790 687 841 loci,
720 790 872 844 quibus
893 791 1102 832 translata
1135 791 1178 833 vi
1210 792 1468 846 praepositio
1491 792 1631 846 posita
1652 792 1720 837 sit.
1755 791 1834 835 Sed

204 877 258 904 ne
290 860 528 903 distraham
558 860 684 911 locos,
716 860 789 901 ubi
825 861 929 902 «ad»
965 875 1059 902 cum
1092 861 1233 903 eodem
1268 862 1472 904 vocabulo
1493 862 1765 905 coniunctum
1786 863 1836 904 de

206 931 586 989 adpropinquando
618 931 685 973 vel
717 931 1001 985 perveniendo
1033 934 1076 972 et
1107 931 1160 972 ad
1193 932 1328 973 locum
1368 935 1410 973 et
1447 932 1528 973 levi
1559 933 1837 975 translatione

207 1001 259 1043 ad
290 1016 380 1042 rem
412 1001 670 1044 abstractam
713 1001 918 1056 scriptum
949 1001 1065 1053 sit,¹)
1110 1017 1274 1056 semper
1313 1003 1423 1045 locos
1462 1003 1525 1045 ita
1556 1007 1834 1059 comparatos,

205 1085 301 1112 cum
333 1070 471 1126 prima
502 1070 755 1127 significatio
799 1071 849 1112 de
890 1071 979 1112 loco
1019 1071 1238 1127 desumpta
1274 1072 1413 1127 potior
1449 1075 1580 1124 esset,
1627 1073 1668 1115 in
1700 1073 1835 1130 primo

205 1156 357 1197 genere
400 1141 577 1191 contuli;
622 1155 717 1183 cum
759 1143 901 1183 autem
943 1141 994 1182 de
1036 1141 1344 1196 significatione
1387 1144 1584 1185 movendi
1616 1145 1668 1186 ad
1699 1144 1835 1186 locum

206 1213 272 1254 vel
302 1227 391 1253 rem
421 1227 565 1253 versus
595 1226 681 1253 non
712 1212 894 1266 amplius
924 1213 1174 1266 coyitaretur
1212 1237 1263 1241 -—
1295 1227 1553 1267 quamquam
1597 1215 1726 1256 etiam
1765 1215 1836 1257 hic

205 1298 307 1326 usus
336 1282 504 1325 dicendi
534 1283 711 1325 eandem
733 1282 939 1339 originem
970 1282 1106 1325 trahit
1137 1308 1194 1314 —-
1227 1286 1303 1325 aut
1333 1298 1425 1326 cum
1460 1284 1635 1327 localem
1668 1285 1836 1340 quidem

207 1354 293 1396 vim
326 1353 508 1409 primum
539 1354 715 1396 haberet
746 1353 1019 1405 vocabulum,
1064 1368 1115 1395 ex
1148 1368 1231 1409 quo
1262 1354 1520 1409 praepositio
1553 1355 1780 1410 penderet,
1813 1372 1838 1398 a

206 1425 356 1467 Tacito
385 1428 529 1467 autem
559 1424 768 1466 translata
789 1426 959 1466 tantum
992 1424 1031 1466 vi
1063 1428 1355 1479 usurparetur:
1388 1440 1474 1467 non
1506 1426 1658 1482 recepi,
1691 1427 1760 1468 sed
1792 1427 1835 1468 in

205 1496 382 1538 tertium
412 1509 546 1551 genus
577 1496 714 1539 reieci.
768 1494 882 1545 Quae
913 1495 984 1547 iis,
1019 1510 1126 1550 quae
1158 1498 1393 1550 sequuntur
1423 1496 1692 1539 inlustranda
1722 1501 1835 1540 sunt.

206 1592 263 1597 —
285 1566 385 1608 Non
416 1567 581 1621 ignoro,
613 1565 769 1606 habere
791 1566 952 1620 aliquid
973 1566 1310 1620 vituperationis,
1343 1566 1454 1621 quod
1476 1567 1637 1608 duobus
1669 1569 1837 1622 generi-

206 1639 285 1680 bus
317 1637 522 1678 nonnulla
552 1636 852 1687 distineantur‚
887 1652 995 1691 quae
1028 1637 1062 1677 si
1095 1639 1206 1678 recte
1238 1629 1381 1688 facias,
1414 1637 1603 1692 separari
1635 1653 1717 1678 non
1742 1653 1837 1693 pos-

206 1708 313 1758 sint,
356 1709 507 1749 contra
542 1706 667 1748 simul
710 1706 995 1761 proferantur,
1041 1721 1147 1761 quae
1178 1721 1302 1748 sensu
1333 1707 1641 1761 quodammodo
1673 1708 1839 1750 diversa

206 1778 304 1820 sint.
343 1776 424 1819 Sed
454 1776 586 1818 habet
616 1776 743 1818 etiam
775 1791 894 1818 suam
927 1776 1251 1828 excusationem,
1284 1791 1379 1818 cum
1411 1780 1455 1819 et
1484 1778 1703 1819 nonnullis
1733 1779 1836 1820 locis

206 1848 418 1891 difficilius
449 1848 505 1889 sit
535 1848 738 1899 iudicare,
771 1848 843 1902 qui
875 1847 962 1889 sint
992 1848 1098 1889 fines
1129 1848 1241 1891 inter
1272 1848 1627 1903 significationem
1658 1849 1838 1904 primam

207 1922 249 1960 et
285 1917 614 1970 translaticiam,
656 1920 699 1960 et
736 1918 915 1959 conlatis
947 1918 1183 1969 vocabulis,
1226 1918 1476 1973 quibuscum
1524 1919 1627 1960 «ad»
1678 1919 1839 1960 diversa

206 1990 371 2031 ratione
402 1988 678 2030 coniunctum
712 1991 792 2040 est,
841 1988 1006 2030 facilius
1036 1987 1330 2044 intellegatur,
1363 2003 1448 2042 qua
1478 1989 1644 2031 ratione
1675 1990 1728 2031 ab
1759 1989 1840 2031 1130

207 2059 524 2116 significatione
553 2058 703 2100 mediis
734 2058 939 2115 exemplis
979 2058 1239 2114 interpositis
1280 2058 1332 2100 acl
1362 2058 1480 2100 illam
1510 2059 1739 2101 transitum
1769 2059 1837 2102 sit.

328 2142 378 2185 In
411 2142 608 2185 omnibus
639 2142 865 2197 generibus
896 2141 1050 2196 duplex
1080 2155 1222 2182 rursus
1249 2155 1349 2182 usus
1370 2141 1705 2196 distinguendus,
1736 2148 1838 2196 q'uo-

207 2229 300 2256 rum
344 2213 452 2256 alter
492 2215 575 2265 est,
618 2213 655 2256 si
691 2212 793 2255 «31]»
830 2227 915 2255 11011
952 2211 1035 2254 nisi
1073 2210 1349 2254 directionem
1380 2211 1432 2254 ad
1471 2211 1608 2254 10011111
1638 2213 1702 2254 vel
1734 2227 1837 2265 rem,

209 2284 319 2327 alter
350 2284 403 2327 ad
434 2284 563 2326 finem
594 2298 726 2339 usque
757 2283 999 2326 directionis
1027 2283 1233 2324 movendo
1254 2282 1381 2323 finem
1414 2297 1558 2324 versus
1589 2285 1839 2338 perventum

208 2368 298 2397 esse
327 2354 502 2399 indicat.
554 2354 699 2409 Atque
731 2354 912 2410 priorem
945 2353 1065 2394 illum
1096 2366 1220 2393 usum
1253 2366 1392 2393 veram
1435 2354 1631 2394 naturam
1662 2367 1839 2409 praepo-

208 2426 375 2467 sitionis
410 2425 514 2466 ‹ad›
551 2428 786 2466 monstrare
823 2424 1150 2479 primariumque
1191 2437 1282 2463 esse
1313 2423 1700 2476 existimaverim22)
1739 2439 1838 2466 nam

209 2508 304 2536 cum
345 2495 430 2536 iam
472 2495 570 2536 inde
603 2492 749 2536 'videre
791 2495 918 2536 liceat
960 2493 1073 2535 hanc
1114 2506 1204 2534 esse
1245 2492 1426 2547 primam
1471 2493 1837 2548 significationem,

332 2670 359 2715 ¹)
397 2682 429 2706 0.
469 2682 518 2706 c.:
567 2681 787 2707 «conversus
826 2670 875 2705 ad
909 2669 1049 2705 amicos
1086 2667 1273 2712 loquitur»
1313 2669 1352 2703 et
1390 2668 1599 2704 «conversis
1640 2670 1690 2705 ad
1726 2669 1839 2706 civile

211 2728 357 2765 bellum
375 2729 555 2774 animiam
580 2730 659 2766 vel:
687 2732 762 2766 «ire
780 2729 827 2764 ad
846 2728 1116 2774 Hispanienses
1143 2728 1348 2764 exercitus»
1376 2731 1415 2765 et
1441 2729 1518 2764 «ire
1543 2729 1592 2765 ad
1617 2728 1794 2764 bellum».

332 2799 360 2845 2)
386 2800 484 2844 quod
511 2800 626 2836 etiam
652 2800 870 2845 linguarum
896 2800 997 2835 inter
1022 2810 1061 2835 se
1086 2799 1366 2845 comparatione
1390 2789 1647 2842 confirmatur3
1683 2798 1730 2835 cf.
1754 2798 1840 2835 Pot-

213 2858 310 2893 tium
344 2858 399 2892 in:
438 2859 742 2904 Etymologische
778 2859 1042 2903 Forschungen
1080 2858 1148 2892 auf
1181 2858 1267 2894 dem
1300 2857 1458 2893 Gebiete
1490 2858 1557 2893 der
1581 2857 1840 2902 Indogermau.

213 2916 402 2961 Sprachen
428 2916 458 2961 I,
481 2929 517 2962 p.
543 2917 622 2963 275,
648 2919 687 2953 et
711 2918 808 2952 hanc
833 2917 920 2952 diss.
946 2929 983 2961 p.
1010 2917 1031 2950 4
1057 2916 1096 2951 in
1121 2916 1208 2952 adn.
1235 2916 1269 2951 2.
