2071 3219
326 940 463 1016 Opus
484 976 574 1003 esse
595 976 680 1003 non
696 960 872 1012 videtur,
896 964 943 1002 ut
963 960 1155 1016 pluribus
1171 960 1309 1002 verbis
1330 974 1551 1015 exponam,
1578 959 1832 1014 quifructus

208 1047 258 1074 ex
289 1032 379 1074 eius
409 1031 524 1072 modi
554 1031 892 1085 quaestionibus,
934 1031 1104 1085 qualem
1133 1030 1245 1072 hanc
1274 1030 1443 1072 institui
1472 1020 1688 1084 oculisque
1719 1028 1831 1070 iudi-

206 1101 393 1145 cantium
425 1115 623 1157 propono,
654 1100 814 1143 hauriri
844 1101 1029 1157 possint,
1061 1103 1282 1156 postquam
1315 1099 1562 1142 Wfflfflinus
1599 1099 1644 1141 in
1685 1098 1830 1141 Philo-

206 1173 296 1229 logi
325 1175 428 1214 tom.
461 1171 586 1214 XXV
608 1175 652 1214 et
682 1171 850 1214 XXVII
870 1172 1156 1227 compluribus
1186 1172 1288 1213 locis
1319 1174 1361 1213 et
1392 1170 1584 1213 Greefius
1614 1170 1659 1211 iu
1689 1170 1832 1212 libello

206 1257 303 1286 suo:
345 1243 396 1300 de
427 1242 787 1299 praepositionum
818 1257 895 1285 usu
927 1232 1039 1298 apud
1069 1242 1282 1293 Tacitum,
1322 1256 1430 1298 spec.
1464 1241 1504 1293 Ι,
1535 1241 1581 1284 111
1612 1240 1832 1284 Prooemio

207 1329 247 1369 p.
280 1316 306 1356 3
338 1316 381 1354 et
412 1313 439 1353 4
469 1313 520 1355 de
561 1313 642 1354 hac
678 1328 724 1354 re
764 1313 1065 1356 disseruerunt.
1118 1312 1214 1353 Duo
1246 1313 1312 1353 vel
1342 1312 1525 1353 maxime
1563 1314 1680 1361 sunt,
1722 1325 1831 1365 quae

206 1386 400 1427 accurate
430 1383 765 1440 pervestigandis
796 1382 966 1438 scriptis
989 1382 1175 1425 Taciteis
1197 1381 1459 1424 efficiuntur:
1493 1372 1689 1437 primum,
1721 1380 1832 1436 quod

205 1523 454 1567 insolentiae
499 1523 545 1566 in
587 1537 776 1566 sermone
819 1537 893 1565 suo
932 1522 1155 1565 indulsisse
1195 1522 1392 1565 Tacitum
1440 1524 1634 1579 putatur,
1683 1522 1833 1565 deinde

206 1597 362 1646 autem,
406 1594 517 1650 quod
548 1595 758 1637 diversum
789 1608 877 1636 esse
906 1594 952 1636 in
982 1593 1150 1650 scriptis
1181 1594 1320 1649 ipsum
1350 1608 1584 1636 sermonem
1616 1608 1693 1649 pro
1724 1595 1833 1636 tem-

206 1666 403 1720 poribus,
447 1666 600 1719 quibus
642 1666 838 1719 quodque
879 1665 1158 1720 compositum
1199 1665 1266 1705 sit.
1331 1663 1456 1706 Hanc
1487 1665 1541 1706 ad
1571 1664 1833 1706 emendanda

207 1733 334 1775 verba
364 1735 583 1791 scriptoris
614 1735 909 1791 gravissimam
940 1735 1277 1777 observationem
1298 1734 1537 1787 Wolfflino,
1569 1735 1643 1789 qui
1673 1734 1833 1790 primus

206 1803 251 1846 in
283 1803 493 1861 Philologi
525 1810 624 1847 tom.
657 1804 794 1856 XXV,
827 1805 984 1857 XXVI,
1017 1804 1183 1848 XXVII
1215 1805 1531 1858 demonstravit,
1562 1805 1772 1848 debemus.

323 1875 474 1931 Itaque
517 1891 639 1918 usum
680 1876 1039 1932 praepositionum
1081 1876 1351 1918 tractandum
1383 1876 1490 1918 1111111
1521 1876 1741 1932 proposui,
1788 1875 1831 1917 in

206 1959 291 1999 quo
323 1945 518 1988 Tacitum
549 1947 704 1988 multas
734 1946 889 1988 habere
920 1946 1219 2002 proprietate-³5,
1260 1961 1369 2002 quae
1400 1947 1658 1989 accuratiore
1689 1947 1833 1989 obser-

207 2016 378 2059 vatione
411 2017 542 2073 digna
571 2017 657 2059 sint
670 2051 679 2069 ‚
723 2016 911 2059 Greefius
949 2016 1170 2060 Prooemio
1208 2033 1283 2060 suo
1320 2018 1426 2061 satis
1462 2018 1694 2060 illustrasse
1727 2017 1834 2060 mihi

206 2085 381 2132 videtur.
414 2087 495 2138 Qui
525 2102 621 2130 011111
653 2088 704 2130 de
734 2088 1116 2144 praepositionibus
1151 2088 1313 2144 ‹apud›
1348 2092 1392 2132 et
1426 2089 1675 2132 «adversus»
1711 2103 1833 2132 accu-

163 2166 166 2168 ’
205 2159 294 2198 rate
336 2159 611 2212 quaesiverit,
660 2158 768 2199 mihi
804 2159 855 2200 de
899 2159 1212 2213 praepositione
1251 2161 1355 2201 ‹ad›
1396 2160 1574 2202 scribere
1613 2159 1833 2201 consilium

207 2217 291 2277 est,
333 2228 400 2270 0111
445 2231 618 2284 propter
663 2229 1050 2283 frequentissimum
1090 2244 1213 2271 usum
1257 2230 1441 2284 reliquas
1478 2230 1707 2286 adiungere
1747 2245 1834 2272 non

207 2296 351 2351 potui,
397 2298 479 2340 nisi
515 2299 687 2341 modum
723 2298 1033 2341 dissertationis
1069 2299 1210 2356 egredi
1241 2300 1448 2343 volebam.
1500 2299 1613 2342 Nam
1643 2300 1755 2342 1111111
1784 2315 1833 2342 eo

206 2367 352 2420 profici
384 2368 489 2409 mihi
520 2369 751 2420 videbatur,
784 2369 820 2409 si
850 2369 988 2410 obiter
1017 2372 1189 2410 tantum
1219 2372 1262 2410 et
1292 2384 1378 2411 non
1408 2370 1605 2424 tractatis
1637 2371 1833 2412 omnibus

206 2437 410 2493 exemplis
441 2438 492 2481 de
513 2438 690 2490 ratione,
723 2454 807 2494 qua
828 2438 999 2482 Tacitus
1020 2436 1403 2496 praepositionibus
1424 2455 1523 2483 usus
1545 2440 1613 2492 sit,
1647 2455 1829 2497 agerem,

206 2521 303 2549 cum
343 2522 490 2550 verum
528 2509 817 2566 intellegerem
858 2524 947 2552 esse
988 2510 1093 2552 illud
1133 2510 1290 2553 dictum
1327 2510 1562 2553 Wolfflini:
1610 2512 1683 2554 das
1725 2512 1832 2555 voll-

203 2571 436 2636 stiindigste
465 2580 522 2623 ist
552 2582 626 2623 das
655 2582 870 2632 kiirzeste,
903 2584 1014 2623 etwa
1042 2582 1121 2624 wie
1156 2582 1229 2625 das
1265 2582 1479 2625 theuerste
1516 2584 1590 2626 das
1626 2583 1828 2639 billigste.

205 2647 296 2698 Quo
326 2649 452 2693 simul
483 2651 695 2695 excusatio
726 2651 932 2707 quaedam
962 2644 1224 2705 continetur,
1267 2652 1302 2695 si
1333 2652 1427 2708 quis
1456 2668 1656 2711 magnam
1687 2669 1831 2697 exem-

206 2720 371 2774 plorum
402 2722 570 2777 copiam
599 2722 896 2778 reprehendat,
929 2738 1013 2778 qua
1033 2723 1168 2766 oratio
1197 2724 1289 2780 ipso
1308 2724 1394 2766 iam
1415 2728 1667 2781 argumento
1688 2726 1831 2769 ieiuna

205 2793 333 2845 atque
364 2792 482 2835 arida
512 2793 646 2836 multo
666 2793 885 2836 molestior
914 2794 1113 2837 reddatur
1133 2809 1357 2850 eorumque
1378 2796 1453 2850 qui
1474 2796 1622 2851 legant
1641 2797 1829 2839 taedium

203 2863 383 2902 moveat.
417 2861 507 2904 Hoc
533 2862 820 2918 opprobrium,
853 2877 947 2905 cum
968 2879 1114 2907 verum
1134 2864 1302 2920 quidem
1324 2865 1393 2918 sit,
1422 2865 1494 2909 vix
1526 2866 1654 2909 vitari
1675 2853 1827 2923 Potest,

202 2930 238 2971 si
269 2945 365 2973 eum
395 2931 581 2974 fructum
611 2933 754 2976 libello
785 2935 985 2989 consequi
1018 2935 1221 2988 volumus,
1253 2951 1379 2991 quem
1411 2937 1662 2992 adpetimus,

1619 3019 1636 3054 1
