2071 3219
885 128 939 135 -
1001 105 1053 147 31
1119 128 1176 135 -

214 233 364 277 deinde
395 232 507 289 quod
537 234 686 276 contra
714 232 880 276 dicendi
908 246 1031 276 nsum
1062 232 1283 276 Taciteum
1314 234 1391 276 est.
1423 256 1481 263 —
1512 232 1563 275 In
1595 233 1650 277 H.
1682 233 1737 287 Π,
1770 234 1841 286 91,

217 308 234 346 l
270 305 576 357 Praeposuerat
604 303 896 356 praetorianis
935 304 988 346 P.
1029 302 1234 346 Sabinum
1279 318 1308 345 a
1339 305 1611 357 praefectura
1651 305 1840 355 cohortis,

212 373 341 416 codex
369 372 640 428 neglegentia
668 372 828 432 librarii
862 373 921 415 ad
942 372 1213 427 praefectura
1241 372 1380 415 habet.
1441 372 1533 416 Hoc
1572 374 1842 429 neglegentia

211 445 381 486 tantum
410 442 572 485 factum
603 457 693 486 esse
723 445 767 485 et
795 442 932 485 forma
962 442 1156 485 vocabuli
1190 441 1507 499 ‹praefectura›
1548 443 1760 486 indicatur
1798 448 1842 486 et

212 514 325 567 qnod
355 514 513 555 usitata
543 516 607 555 est
635 514 745 556 ratio
775 514 939 556 dicendi
969 515 1207 569 argenteae,
1241 527 1349 568 quae
1379 514 1549 564 dicitur,
1582 514 1735 556 aetatis
1749 547 1760 566 ,
1792 517 1841 556 ut

211 583 373 625 nomini
413 598 613 639 personae
653 599 681 627 a
703 584 974 638 praefectura
1003 584 1196 637 cohortis,
1224 598 1252 635 a
1282 584 1448 636 libellis,
1489 584 1542 627 ab
1579 585 1780 638 epistolis,
1811 600 1839 628 a

211 654 448 695 rationibus
478 656 521 694 et
552 653 705 694 similia
735 654 959 703 addantur,
990 668 1029 695 v.
1062 653 1113 694 A.
1147 653 1240 705 XV,
1273 654 1343 705 35,
1379 655 1417 703 7,
1449 654 1501 695 de
1531 668 1613 708 quo
1640 655 1694 696 cf.
1718 655 1839 696 Han·

211 724 327 766 dium
352 724 380 768 l.
403 724 431 766 l.
456 724 489 776 I,
515 739 554 780 p.
575 725 629 766 59
652 727 695 766 et
716 723 999 776 Friedlsuder,
1035 723 1366 780 Darstellungen
1394 739 1470 766 aus
1496 723 1533 767 d.
1554 722 1836 781 Sittengeseh.

213 793 355 845 Rome,
387 794 421 845 Ι,
454 809 493 848 p.
530 795 612 835 152
644 808 736 848 sqq.
799 794 893 843 Qua
923 795 973 835 de
1014 808 1139 835 causa
1170 794 1400 835 refellenda
1439 795 1649 835 sententia
1679 793 1839 837 Handii

212 864 263 917 (I,
297 879 337 919 p.
372 865 461 918 95),
494 879 588 906 cum
621 864 768 906 alienis
800 864 1001 919 exemplis
1031 864 1228 906 mendum
1259 863 1419 905 librarii
1449 864 1707 907 defenderet.
1735 889 1784 895 ——

777 1017 819 1067 d.
858 1015 986 1079 „Ad“
1025 1017 1271 1067 omittitur.

329 1145 379 1187 In
410 1145 612 1200 scriptore
660 1146 732 1199 qui
770 1148 989 1200 tantopere
1033 1146 1307 1188 variationem
1351 1146 1509 1201 diligit,
1557 1146 1710 1188 mirum
1752 1161 1836 1188 non

211 1219 290 1268 est,
322 1215 431 1271 quod
463 1215 628 1272 saepius
658 1216 1008 1271 praepositionem
1044 1216 1147 1257 «ad»
1183 1216 1386 1268 omiserit,
1420 1216 1491 1257 ubi
1534 1230 1627 1257 eam
1667 1216 1836 1272 exspec-

211 1287 407 1329 tabamus
439 1289 512 1328 aut
543 1287 627 1337 ubi,
660 1287 695 1328 si
726 1287 777 1328 ad
810 1287 914 1328 alios
944 1287 1056 1337 locos
1078 1287 1332 1342 respicimus,
1355 1302 1399 1329 re
1421 1302 1518 1329 vera
1540 1302 1633 1329 eam
1654 1288 1835 1343 scripsit,

211 1372 468 1413 quamquam
509 1357 594 1400 iam
634 1357 770 1400 verbis
784 1391 795 1409 ,
837 1372 943 1413 quae
991 1358 1134 1401 omnia
1174 1360 1275 1400 sunt
1316 1372 1412 1400 cum
1451 1357 1834 1414 praepositionibus

212 1429 456 1483 composita,
490 1429 740 1471 continetur.
782 1428 1012 1480 Nonnulla,
1046 1444 1156 1484 quae
1176 1428 1261 1471 huc
1283 1429 1512 1484 pertinent,
1550 1429 1590 1470 ei
1610 1444 1706 1470 cum
1737 1430 1834 1484 plu-

210 1499 325 1540 rimis
369 1499 622 1554 scriptorum
664 1499 901 1541 communia
941 1502 1054 1541 sunt.
1123 1499 1272 1554 Itaque
1315 1498 1505 1540 Ciceroni
1545 1513 1641 1540 raro
1683 1499 1836 1541 dicitur

209 1570 330 1611 adire
357 1570 414 1611 ad
443 1570 636 1623 aliquem,
670 1569 740 1623 (cf.
770 1570 959 1624 exempla
990 1570 1105 1624 apud
1135 1569 1353 1611 Handium
1382 1569 1417 1620 Ι,
1449 1585 1488 1624 p.
1522 1571 1576 1611 77
1608 1573 1652 1611 et
1681 1584 1732 1611 ex
1763 1585 1834 1611 ve-

209 1642 348 1681 terum
378 1639 628 1694 scriptorum
658 1654 738 1682 usu
769 1640 883 1695 apud
914 1639 1065 1681 Holtze
1097 1638 1218 1695 synt.
1264 1639 1297 1682 I.
1345 1655 1384 1695 p.
1420 1640 1523 1690 198,
1563 1654 1614 1682 ex
1656 1639 1835 1682 aliorum

210 1708 376 1763 scriptis
407 1709 521 1764 apud
560 1708 855 1751 Forcellinium
895 1724 926 1751 s.
968 1724 1009 1750 v.-
1045 1709 1202 1763 adire),
1244 1710 1357 1764 quod
1394 1708 1560 1750 Livium
1602 1724 1834 1764 numquam

210 1779 366 1820 habere
387 1779 760 1821 Drakenborehius
790 1779 1040 1830 observavit,
1064 1794 1201 1834 neque
1231 1779 1395 1834 saepius
1426 1779 1533 1821 dixit
1556 1778 1697 1821 Cicero
1716 1779 1837 1821 adire

210 1848 268 1891 ad
300 1848 364 1891 vel
393 1849 435 1892 in
469 1849 612 1892 locum.
665 1849 838 1891 Tacitus
868 1852 1010 1892 autem
1041 1849 1158 1891 nullo
1189 1850 1282 1891 loco
1314 1849 1667 1905 praepositionem
1688 1848 1832 1901 habet,

209 1934 346 1974 neque
376 1920 411 1961 si
441 1921 493 1962 ad
524 1935 725 1975 personas
755 1936 891 1975 neque
922 1908 956 1962 si
987 1921 1039 1963 ad
1070 1921 1209 1963 locum
1241 1921 1416 1962 verbum
1446 1920 1634 1963 refertur.
1650 1921 1681 1974 ι)
1713 1918 1833 1963 Non-

211 1990 328 2032 nulla
357 1993 526 2033 tantum
557 1991 749 2046 exempla
767 1991 969 2043 adferam,
1002 1991 1046 2033 in
1077 1991 1230 2046 quibus
1261 1992 1315 2034 ad
1347 1991 1483 2033 locum
1515 1991 1713 2046 pertinet,
1737 2005 1832 2033 cum

114 2091 129 2097 -
209 2061 343 2102 multa
373 2060 457 2103 alia
488 2061 660 2116 reperiri
691 2061 874 2116 possint:
906 2061 950 2103 in
982 2061 1033 2103 G.
1070 2063 1106 2113 l,
1140 2062 1167 2103 9
1191 2061 1339 2114 pluris
1360 2061 1535 2114 populos
1554 2061 1646 2103 adit
1665 2060 1832 2115 (Danu-

209 2130 342 2184 vius);
375 2131 444 2181 21,
480 2131 534 2172 10
558 2132 796 2184 prooeimam
825 2132 991 2174 domum
1020 2145 1101 2174 non-
1128 2132 1297 2174 invitati
1326 2131 1501 2183 adeunt3
1532 2131 1586 2173 H.
1617 2130 1651 2182 I,
1683 2132 1753 2182 23,
1780 2132 1832 2173 10

211 2198 470 2254 Campaniae
484 2201 599 2243 lacus
620 2204 657 2243 et
677 2202 867 2244 Achaiae
887 2202 1011 2244 urbes
1032 2201 1253 2251 classibus;
1276 2202 1346 2252 52,
1369 2202 1396 2242 3
1411 2201 1585 2244 hiberna
1605 2202 1833 2256 leyiommu

209 2269 259 2313 A.
291 2269 334 2312 H
348 2303 358 2322 ,
393 2271 470 2323 13,
504 2272 530 2313 2
562 2274 789 2314 castrorum
819 2272 930 2321 vias;
945 2271 1106 2326 ‘itaque
1137 2271 1266 2313 etiam
1297 2271 1350 2313 ad
1371 2285 1438 2312 res
1459 2271 1695 2313 abstractas
1715 2285 1833 2314 acce—

209 2342 288 2384 dit:
320 2341 365 2383 in
395 2341 446 2384 Gr.
479 2342 549 2393 24,
583 2343 610 2383 9
641 2342 919 2384 voluntariam
948 2343 1205 2391 servitutem;
1245 2342 1324 2393 38,
1360 2343 1413 2383 13
1443 2342 1574 2391 bella3·
1598 2341 1650 2384 A.
1682 2340 1727 2393 Ι,
1763 2343 1830 2393 39,

207 2411 264 2453 25
295 2411 319 2437 *
349 2415 549 2467 quantum
568 2412 775 2455 dedecoris
794 2412 951 2455 adierit
980 2412 1101 2467 leyio3
1123 2411 1176 2454 A.
1200 2410 1257 2464 II,
1281 2411 1351 2464 48,
1376 2412 1402 2453 8
1423 2425 1552 2466 neque
1567 2411 1833 2454 hereditatem

206 2483 452 2535 cuiusquam
483 2483 610 2532 adiit,
642 2496 769 2536 quam
790 2497 812 2523 e
833 2496 1024 2523 sermone
1050 2482 1234 2523 iudiciali
1254 2482 1520 2536 desumptam
1540 2496 1683 2523 vocem
1703 2482 1831 2523 etiam

208 2550 351 2593 Cicero
380 2552 523 2604 habet,
557 2552 628 2607 (cf.
661 2552 852 2608 exempla
882 2552 996 2608 apud
1025 2550 1323 2594 Forcellinium
1354 2566 1385 2594 s,
1419 2566 1457 2594 v,
1491 2550 1634 2605 adire).
1673 2549 1832 2594 Contra

326 2679 352 2724 ¹)
378 2681 460 2717 Uno
477 2682 625 2717 tantum
650 2680 741 2723 loco,
759 2680 824 2725 qui
841 2682 900 2717 est
923 2680 963 2717 in
979 2680 1023 2716 A.
1048 2679 1112 2723 IV,
1137 2680 1195 2725 36,
1218 2680 1253 2722 4,
1278 2679 1508 2726 praepositio
1532 2677 1573 2715 in
1598 2679 1648 2716 ad
1674 2679 1829 2717 verbum

205 2735 370 2774 adeundi
394 2737 570 2786 pertinet,
593 2739 723 2775 tamen
747 2739 790 2775 ut
814 2738 1060 2782 accusativus,
1085 2749 1158 2785 quo
1183 2748 1312 2775 verum
1328 2737 1516 2774 obiectum
1534 2738 1641 2774 verbi
1658 2737 1831 2781 efficitur,

205 2798 316 2831 simul
342 2799 485 2842 positus
510 2799 583 2839 sit3
608 2800 724 2833 verba
748 2802 851 2834 sunt:
875 2804 916 2834 ut
940 2819 969 2823 -
993 2800 1158 2834 Drusum
1179 2818 1219 2824 —
1239 2799 1375 2834 adierit
1398 2798 1619 2842 Calpurnius
1633 2799 1830 2834 Salvianus

203 2854 245 2891 in
269 2853 416 2891 Seaetum
439 2855 620 2901 Marium,
646 2866 742 2902 quae
767 2855 926 2892 Rothius
952 2856 1046 2893 bene
1071 2856 1203 2893 vertit:
1229 2855 1315 2892 dass
1331 2855 1430 2902 Calp.
1448 2855 1644 2892 Salvianus
1667 2856 1709 2892 in
1732 2856 1832 2893 einer

204 2914 316 2950 Sache
338 2927 449 2961 yeqen
472 2915 568 2951 Seoet.
592 2916 741 2952 Marius
764 2927 830 2951 vor
852 2915 1003 2952 Drusus
1029 2936 1072 2941 -—
1097 2916 1190 2952 kam.
