2071 3219
890 135 1184 177 —13—
1813 166 1849 178 .-

151 289 160 301 .
222 262 544 319 praeferendum
575 262 681 305 mihi
711 262 890 314 videtur,
912 264 960 304 ut
979 262 1145 306 dicatur
1164 263 1223 305 ad
1237 264 1423 318 qratiam
1442 264 1533 306 vice
1561 263 1695 305 dativi
1714 262 1852 319 fungi,

166 351 170 357 ¹
221 334 295 388 qui
324 349 424 376 usus
454 335 522 376 vel
551 334 735 376 maxime
765 349 817 376 ex
837 343 1029 376 sermone
1050 334 1165 376 vitae
1186 334 1426 377 cotidianae
1445 335 1693 389 desumptus
1713 334 1852 376 omni-

219 403 380 460 busque
409 404 567 461 linguis
597 403 833 447 communis
864 406 943 455 est,
966 404 1017 447 de
1044 417 1129 459 quo
1149 403 1324 446 inferius
1343 403 1686 460 disputabimus),
1708 407 1851 446 tamen

219 474 359 516 videre
389 488 566 529 nequeo,
598 474 807 529 quomodo
836 474 951 516 locus
982 473 1177 515 Taciteus
1205 473 1290 515 huc
1318 474 1465 517 referri
1495 475 1641 531 possit.
1685 473 1750 516 De
1770 473 1851 516 hac

218 544 567 600 interpretatione
594 544 774 602 cogitari
795 559 879 606 non
913 559 1034 601 posse
1063 544 1150 587 iam
1180 544 1319 597 verba,
1352 559 1460 600 quae
1488 547 1608 588 sunt:
1631 543 1850 587 novissimi

217 614 263 658 in
294 614 478 672 culpam,
509 615 715 661 indicant.
758 613 984 659 Praeterea
1014 614 1208 662 hocloco
1238 629 1323 658 non
1355 615 1402 658 in
1432 615 1752 673 opportunitate
1782 614 1850 658 vel

218 686 496 729 inclinatione
526 687 712 729 militum
733 688 786 729 ad
816 688 1124 742 paenitentiam
1155 687 1335 729 vertitur
1355 688 1428 729 sed
1449 688 1495 729 in
1516 701 1615 730 vero
1635 687 1775 728 reditu
1796 688 1850 729 ad

217 757 524 812 paenitentiam
554 757 961 813 oboedientiamque.
1019 756 1214 812 Denique
1234 758 1438 814 exemplis
1458 757 1722 814 probandum
1744 760 1848 809 erat,

216 829 344 870 verba
365 829 501 882 primi
530 829 588 872 ad
608 829 671 871 ita
699 829 896 885 usurpari
927 843 1058 885 posse.
1103 827 1262 873 Similis
1291 828 1398 871 mihi
1428 829 1543 871 locus
1570 843 1658 870 esse
1680 828 1848 871 videtur

216 896 491 942 Ciceroniano
522 898 597 942 illo
629 899 698 952 (de
728 899 831 943 finn.
865 900 904 952 3,
940 899 1007 949 16,
1040 898 1137 954 52):
1159 913 1332 954 quorum
1352 898 1453 942 ordo
1465 899 1660 954 proxime
1679 898 1845 952 accedit,

213 973 260 1011 ut
287 971 493 1013 secundus
521 971 578 1014 sit
608 971 665 1013 ad
693 972 852 1027 reqium
878 971 1180 1025 principatum,
1213 984 1339 1025 quem
1369 970 1462 1026 ipse
1493 969 1686 1012 Handius
1715 985 1756 1026 p.
1790 971 1843 1012 91

214 1040 361 1081 attulit
391 1043 436 1082 et
463 1043 578 1082 recte
608 1042 908 1096 interpretatus
938 1044 1024 1088 est:¹
1067 1027 1139 1095 qui
1169 1041 1326 1083 accedit
1355 1042 1550 1093 proxime
1590 1042 1647 1083 ad
1686 1044 1846 1096 reyiom

206 1113 465 1163 potestatem.
498 1110 659 1154 Eadem
688 1112 853 1155 ratione
885 1111 1125 1167 Madvigius
1158 1111 1284 1154 verba
1325 1111 1552 1154 intellexit.
1585 1112 1653 1154 Ad
1691 1113 1843 1156 verba:

212 1184 259 1222 ut
287 1182 502 1225 novissimi
524 1184 570 1225 iu
590 1183 768 1237 culpam,
793 1182 1018 1239 cogitando
1038 1182 1318 1238 supplendum
1340 1184 1404 1223 est
1432 1182 1629 1224 verbum:
1653 1183 1846 1226 venimus

213 1252 278 1294 vel
308 1252 543 1304 indicimus,
576 1259 617 1295 et
648 1254 719 1296 ad:
744 1255 883 1307 primi
903 1254 959 1296 ad
973 1255 1291 1306 poenitentiam:
1312 1253 1563 1304 accedimus,
1585 1268 1695 1308 quae
1718 1255 1844 1296 verba

212 1322 258 1365 in
290 1322 480 1366 oratione
511 1324 780 1368 commotiore
810 1324 949 1367 omitti
981 1324 1047 1367 vel
1087 1323 1226 1380 potius
1264 1338 1350 1366 uno
1388 1323 1513 1366 verbo
1548 1338 1693 1368 sumus
1727 1339 1843 1367 com-

212 1392 418 1448 prehendi
441 1398 686 1450 potuerunt.
718 1394 770 1436 In
791 1394 1064 1437 Ciceroniano
1085 1394 1160 1436 illo
1177 1393 1433 1450 ambiguitas
1464 1408 1555 1436 esse
1576 1408 1660 1436 non
1684 1398 1840 1450 potest,

210 1464 322 1518 quod
352 1469 479 1507 antea
509 1466 711 1521 scriptum
742 1469 832 1507 erat
863 1465 1029 1508 accedit.
1092 1464 1295 1507 Similiter
1326 1480 1403 1506 nos
1439 1465 1576 1507 dicere
1597 1480 1839 1520 possumus:

210 1550 255 1577 er
285 1551 374 1578 war
404 1536 476 1579 der
506 1539 617 1579 erste
648 1552 743 1579 zum
774 1535 946 1592 Kampf,
980 1551 1055 1578 zm·
1086 1535 1214 1579 Reue.
1247 1561 1304 1567 —
1337 1532 1588 1578 concedere
1620 1533 1696 1580 ad:
1720 1534 1753 1592 ¹)
1795 1536 1839 1579 in

209 1605 265 1648 H.
297 1606 352 1659 II,
397 1608 465 1658 51,
509 1607 532 1648 7
574 1610 622 1648 ut
660 1607 705 1647 in
736 1607 863 1648 verbo
895 1607 1134 1661 transgredi
1172 1607 1229 1648 ad
1259 1607 1440 1660 aliquem
1472 1609 1667 1648 concreta
1706 1607 1839 1662 signi,-

209 1677 350 1720 ficatio
400 1678 517 1720 verbi
558 1678 788 1731 evanescit,
839 1678 910 1720 vix
960 1678 1073 1720 enim
1122 1678 1347 1733 quisquam
1395 1677 1440 1720 in
1492 1678 1651 1720 verbis:
1700 1692 1839 1722 conce-

208 1746 395 1790 dentibus
445 1748 504 1790 ad
550 1749 744 1799 victorem
786 1772 844 1778 —-
889 1749 1021 1802 copiis
1070 1748 1121 1790 de
1167 1762 1265 1790 vero
1316 1739 1468 1790 itinere
1518 1748 1736 1804 copiarum
1782 1748 1834 1790 ad

208 1818 410 1860 victorem
440 1820 602 1874 cogitat
618 1812 631 1868 ;’
660 1820 710 1860 Α.
742 1819 859 1870 ΧΠῙ,
892 1820 962 1869 56,
998 1821 1049 1860 15
1090 1824 1199 1861 retro
1240 1820 1297 1861 ad
1333 1820 1522 1872 Usipetos
1562 1824 1600 1862 et
1630 1820 1836 1862 Tubantes

205 1888 407 1933 concessit.
447 1886 712 1941 >discedere
744 1887 867 1945 adst)
909 1889 953 1932 in
985 1889 1069 1946 Ag.
1103 1890 1172 1942 21,
1210 1890 1262 1932 10
1286 1890 1579 1945 paulatimque
1609 1889 1837 1934 discessum

207 1960 265 2002 ad
294 1960 566 2004 delenimenta
595 1963 816 2009 vitiorum;
851 1961 900 2003 A.
934 1961 1009 2012 XI,
1045 1963 1111 2013 16,
1148 1962 1200 2003 15
1233 1962 1449 2004 discedunt
1479 1961 1536 2003 ad
1566 1963 1837 2004 conterminos

198 2030 385 2085 populos.
428 2028 644 2075 incedere
677 2030 753 2075 ad:
786 2033 831 2075 in
863 2032 917 2078 H.
950 2031 1028 2082 ΙΙΙ,
1062 2032 1131 2084 40,
1166 2034 1191 2074 2
1229 2033 1398 2087 sequius
1427 2046 1554 2086 quam
1594 2032 1652 2075 ad
1688 2032 1836 2075 bellum

205 2103 408 2146 incedens.
428 2101 670 2157 procedere
692 2102 772 2147 ad:
794 2105 839 2146 in
861 2103 910 2149 G.
934 2106 1004 2156 22,
1035 2104 1062 2145 4
1093 2108 1181 2146 tum
1201 2104 1259 2147 ad
1276 2105 1437 2159 neyotia
1462 2117 1535 2146 nec
1554 2104 1695 2146 minus
1714 2117 1836 2158 saepe

205 2172 263 2214 ad
290 2175 477 2217 convivia
503 2176 727 2227 procedunt
752 2176 929 2228 armati;
949 2175 1003 2217 H.
1025 2175 1058 2225 I,
1083 2175 1152 2225 37,
1178 2176 1240 2229 1†
1262 2175 1366 2228 Quis
1386 2175 1442 2217 ad
1462 2186 1534 2216 vos
1560 2175 1836 2227 processerim

211 2266 261 2272 —
286 2244 420 2287 dicere
449 2259 529 2288 non
560 2245 712 2298 audeo,·
741 2245 792 2288 A.
814 2244 907 2297 XV,
930 2245 1000 2297 67,
1034 2246 1060 2286 6
1082 2245 1229 2299 quibus
1249 2245 1388 2288 causis
1413 2245 1472 2287 ad
1501 2244 1737 2287 obliviowem
1766 2258 1836 2287 sa-

205 2317 406 2357 cramenti
427 2317 704 2368 processisset.

323 2383 576 2438 pervadere
609 2383 665 2427 ad
680 2385 735 2441 εδ)
765 2386 811 2427 in
840 2384 891 2427 A.
914 2384 1011 2437 XII,
1034 2385 1103 2437 46,
1128 2385 1179 2427 11
1205 2385 1262 2427 ad
1282 2385 1602 2428 Pharasmanen·
1615 2384 1835 2438 pervadit,-

205 2454 321 2505 XIV,
356 2456 395 2506 7,
429 2457 454 2497 5
486 2458 572 2498 sive
601 2457 659 2499 ad
687 2461 875 2499 senatum
903 2460 942 2498 et
962 2457 1169 2510 populum
1191 2456 1465 2509 pervaderet;
1510 2455 1619 2507 XII,
1653 2457 1733 2507 51,
1778 2456 1828 2497 11

329 2606 354 2653 ¹)
380 2605 583 2642 concedere
607 2606 669 2642 in:
708 2608 753 2643 H.
779 2608 843 2651 IV,
869 2608 927 2653 21,
960 2608 983 2642 4
1014 2608 1140 2644 Vetera
1164 2611 1305 2649 castra;
1330 2607 1374 2649 V,
1399 2607 1433 2648 3,
1461 2607 1505 2642 13
1528 2617 1673 2652 rupem‚·
1708 2607 1770 2651 19,
1809 2608 1830 2641 5

201 2668 379 2712 insulam,·
414 2667 457 2702 A.
482 2667 530 2709 II,
565 2667 622 2709 46,
664 2668 707 2702 19
731 2668 1029 2709 Maroomannos3
1064 2667 1129 2712 ΠΙ,
1156 2667 1213 2709 31,
1238 2667 1259 2701 5
1286 2666 1552 2712 Gampaniam3
1581 2665 1628 2701 H.
1653 2665 1700 2708 II,
1728 2666 1760 2707 1,
1788 2666 1831 2702 19

202 2729 341 2770 partes,·
365 2743 410 2749 —
434 2725 478 2760 A.
503 2724 531 2759 I.
558 2725 614 2766 79,
647 2725 691 2760 16
715 2726 928 2761 sententiam
951 2725 1101 2760 Pisonis
1109 2738 1123 2769 ;
1159 2724 1207 2769 11,
1241 2725 1300 2769 37,
1335 2725 1355 2759 7
1381 2724 1649 2768 adulationem3
1685 2723 1747 2765 IV,
1774 2724 1830 2764 74,

203 2785 218 2819 1
248 2786 270 2828 †
293 2788 455 2820 nostrum
477 2785 549 2820 ius.

320 2841 349 2887 ²)
373 2840 569 2878 discedere
591 2840 652 2878 in:
688 2843 732 2877 A.
757 2843 786 2885 I,
811 2844 868 2887 49,
891 2843 915 2878 4
935 2847 1077 2888 partes:
1104 2842 1152 2878 ef.
1177 2842 1243 2885 III,
1269 2842 1325 2885 69,
1364 2842 1409 2877 23
1433 2842 1475 2876 in
1498 2841 1594 2877 hanc
1616 2841 1829 2878 sententiam

196 2902 301 2945 facta
325 2902 506 2937 discessio.

319 2957 350 3007 ⁸)
372 2958 583 3005 pervadere
607 2958 671 2998 ine
696 2960 742 2997 H.
768 2959 797 3004 Ι,
822 2960 880 3003 43,
905 2960 927 2996 6
952 2959 1073 2997 aedem-
1103 2959 1228 2998 Vestae
1236 2971 1249 3006 ;
1273 2958 1339 3003 III,
1364 2958 1422 3001 62,
1448 2958 1470 2994 3
1494 2957 1724 3006 Germanias.
