2071 3219
835 141 1128 184 „67-

290 267 330 311 d.
363 266 436 311 Ex*
457 282 507 311 eo
536 282 626 321 usu,
656 282 741 324 quo
770 267 1027 347 praepositio
1071 268 1175 311 «ad»
1218 282 1295 324 pro
1337 268 1616 313 «secundum»
1659 267 1797 325 posita

173 341 249 390 est,
280 335 482 380 causalis
504 335 723 393 quaedam
751 336 822 380 vis
852 338 943 381 eius
962 339 1109 390 oritur,
1140 353 1268 393 quam
1289 339 1447 382 frustra
1467 338 1660 382 Handius
1678 352 1795 381 oom—

174 408 365 464 pluribus
395 409 496 451 locis
528 424 683 465 negare
713 411 888 451 conatus
916 412 999 460 est,
1026 409 1183 464 itaque
1202 409 1247 451 in
1276 410 1396 452 Turs.
1426 410 1461 461 Ι,
1492 426 1534 465 p.
1567 411 1651 452 118
1682 424 1794 464 sqqs

172 479 244 521 Ex
273 493 322 521 ea
350 480 566 532 affinitate,
597 494 703 534 quae
732 480 840 522 inter
867 478 1115 522 occasionem
1143 484 1183 521 et
1211 492 1381 522 causam
1399 484 1438 522 et
1462 481 1566 535 finis
1594 481 1796 523 notionem

174 550 405 600 intercedit,
436 563 560 603 saepe
594 551 754 603 sactum
782 553 851 601 est,
882 553 929 591 ut
957 550 1094 592 critici
1122 550 1219 592 haic
1240 551 1545 604 praepositioni
1572 550 1796 593 tribuerent

172 620 257 662 vim
284 619 493 662 causalem
529 633 696 675 eamque
732 633 811 674 per
831 620 1069 663 vocabulum
1102 635 1121 658 ‹
1120 624 1320 675 propter»
1353 620 1619 675 explicarent.
1680 620 1795 671 Quae

175 689 368 732 Dukerus
400 691 624 733 contulerit
657 691 850 747 exempla
879 691 1065 733 indicare
1095 692 1239 742 finem,
1271 706 1378 747 quae
1410 691 1793 744 Drakenborehius,

173 776 259 803 non
289 764 437 803 notare
468 776 648 812 causam,
681 762 752 804 sed
783 762 842 803 rei
873 762 1153 817 praesentiam
1183 766 1227 804 et
1262 763 1532 806 occasionem.
1595 761 1795 805 Similiter

174 848 214 886 p.
249 832 328 873 111
362 832 529 874 iudicat.
594 832 674 875 Sed
705 833 788 874 alio
817 833 909 875 loco
940 848 981 887 p.
1007 834 1090 875 126
1111 833 1191 874 sibi
1222 848 1308 875 non
1327 833 1534 884 constitit,
1555 833 1630 875 sed.
1647 836 1796 875 contra

171 901 439 954 sententiam,
471 918 599 958 quam
620 906 745 946 antea
768 903 1013 959 protulerat,
1046 903 1249 946 formulas
1269 903 1327 947 ad
1347 903 1405 955 id,
1428 904 1487 947 ad
1503 903 1576 948 hoc
1595 903 1647 947 de
1667 918 1794 947 causa

172 976 215 1013 et
245 974 328 1013 fine
359 974 553 1028 usurpari
584 977 628 1015 et
659 989 735 1029 pro
770 974 913 1014 ‹ideo›
958 974 1046 1015 sive
1086 976 1283 1029 «propter
1314 974 1379 1015 id»
1427 975 1511 1016 dici
1547 975 1702 1016 docuit.
1740 998 1788 1004 ——

172 1043 316 1097 Atque
346 1059 434 1085 rem
465 1044 526 1085 ita
556 1059 600 1086 se
630 1044 785 1086 habere
816 1043 1028 1086 existimo:
1061 1044 1370 1086 concedendum
1401 1059 1492 1086 esse
1523 1044 1633 1086 idem
1659 1045 1791 1088 iuter-

172 1113 314 1156 cedere
346 1113 567 1156 discrimen
598 1114 709 1156 inter
740 1128 908 1171 praepp.
945 1116 1164 1170 «propter»
1207 1116 1250 1157 et
1284 1114 1387 1157 «ad»
1402 1146 1412 1165 ,
1455 1114 1567 1170 quod
1598 1115 1653 1157 sit
1680 1114 1794 1158 inter

173 1184 420 1225 Germanica
453 1186 657 1226 vocabula
690 1185 887 1226 «Grund»
923 1188 965 1225 et
999 1184 1383 1239 «Veranlassung»‚
1422 1185 1634 1239 igiturque
1669 1200 1790 1240 prae-

174 1255 423 1310 positionem
476 1255 578 1298 «ad»
631 1271 795 1312 semper
841 1258 1059 1298 externam
1105 1271 1274 1298 causam
1321 1256 1518 1299 indicare.
1593 1255 1712 1306 Quod
1755 1257 1792 1300 si

173 1325 307 1368 Taciti
338 1326 496 1382 scripta
532 1327 755 1383 diligenter
787 1327 1051 1383 perlegimus,
1085 1327 1220 1368 multa
1240 1327 1429 1382 exempla
1449 1326 1698 1377 invenimus,
1721 1327 1792 1370 ubi

177 1397 280 1438 «ad»
314 1411 410 1439 cum
440 1398 584 1439 multis
618 1399 831 1440 vocabulis
862 1398 1128 1440 coniunctum
1158 1398 1364 1439 causalem
1397 1398 1480 1438 vim
1512 1398 1689 1448 habeat,
1730 1399 1793 1440 ita

171 1470 220 1509 ut
250 1469 600 1523 praepositionem
632 1469 858 1511 vernacula
897 1469 1046 1525 lingua
1083 1483 1154 1524 per
1197 1468 1300 1510 «auf
1332 1493 1376 1498 —
1413 1468 1515 1510 hin»
1563 1471 1789 1512 vertamus,

172 1537 315 1593 Atque
346 1538 457 1580 hauc
487 1554 565 1595 ego
596 1540 681 1581 vim
711 1554 761 1582 eo
792 1555 882 1590 usu,
915 1540 965 1581 de
997 1553 1079 1594 quo
1110 1539 1231 1582 modo
1261 1539 1452 1589 vidimus,
1498 1539 1609 1581 effici
1648 1539 1792 1582 existi-

171 1608 383 1650 maverim.
446 1608 558 1651 Nam
589 1610 623 1651 si
653 1610 700 1652 in
733 1610 780 1652 A.
812 1609 926 1662 XIV,
960 1612 1030 1661 61,
1065 1610 1116 1652 17
1150 1608 1172 1633 *
1202 1609 1380 1666 legimus
1411 1610 1470 1653 ad
1498 1611 1615 1653 ouius
1644 1609 1791 1665 (Octa-

170 1680 277 1732 viae)
308 1673 661 1724 nutum'absentis
692 1682 888 1724 tumultus
917 1684 1131 1732 cierentur,
1163 1683 1273 1722 certe
1296 1681 1357 1722 ita
1379 1681 1505 1722 verba
1527 1681 1792 1735 explananda

170 1753 292 1793 sunt:
325 1751 554 1793 seeundum
584 1751 701 1794 cuius
734 1755 883 1795 nutum
918 1776 968 1781 —
1003 1752 1223 1801 cierentur,
1255 1751 1296 1793 h.
1329 1766 1364 1792 e.
1396 1750 1521 1793 deren
1553 1749 1686 1792 Wink
1714 1750 1790 1807 ge-

170 1824 304 1872 mfiss,
351 1816 439 1863 sive
486 1823 568 1876 auf
599 1822 725 1865 deren
777 1823 905 1867 Wink
941 1824 1028 1865 hin.
1092 1822 1198 1864 Aliis
1237 1824 1378 1864 autem
1415 1821 1516 1863 locis
1556 1835 1644 1863 nou
1703 1821 1789 1863 iam

169 1892 271 1933 haec
303 1892 557 1947 significatio
590 1896 673 1934 tam
708 1894 927 1949 perspicue
958 1893 1192 1936 elucetz‘in
1222 1893 1276 1935 H.
1306 1892 1368 1943 11,
1407 1894 1480 1943 11,
1515 1893 1534 1933 1
1577 1897 1694 1935 motis
1733 1893 1791 1935 ad

169 1964 392 2017 imperium
420 1966 509 2007 eius
546 1990 589 1995 —
616 1965 880 2015 exercitibus,
922 1964 1031 2019 quod
1075 1963 1255 2006 Rothius
1296 1963 1498 2007 reddidit:
1539 1964 1620 2017 auf
1652 1964 1792 2006 seinen

169 2035 320 2088 Befekl
347 2039 494 2078 seteten
523 2037 610 2079 sich
639 2037 707 2079 die
722 2024 870 2078 'Heere
898 2036 945 2077 in
973 2035 1232 2090 Beweyuw95
1272 2033 1350 2085 IV,
1383 2034 1453 2086 49,
1498 2035 1551 2076 16
1591 2034 1700 2077 nihil
1733 2035 1791 2077 ad

168 2119 217 2148 ea
246 2110 350 2149 moto
380 2106 542 2150 Pisone.
562 2131 618 2136 —
636 2106 687 2149 H.
719 2107 775 2159 II,
810 2108 878 2159 73,
912 2108 938 2149 5
970 2108 1028 2149 ad
1057 2121 1202 2150 nonien
1231 2107 1319 2149 eius
1356 2105 1544 2149 Vitellius
1583 2106 1790 2149 excitaba-

170 2181 250 2219 tur.
297 2176 471 2219 Prorsus
502 2180 650 2220 contra
679 2193 822 2219 verum
853 2178 1074 2219 verborum
1104 2192 1274 2219 sensum
1304 2177 1498 2219 Handius
1528 2176 1574 2218 in
1605 2176 1725 2218 Turs.
1754 2176 1789 2228 Ι,

169 2263 209 2303 p.
248 2248 323 2290 101
357 2248 627 2305 interpretari
656 2248 763 2291 mihi
794 2248 974 2300 videtur,
1006 2248 1042 2291 si
1072 2248 1122 2290 de
1152 2247 1378 2305 temporali
1401 2247 1726 2305 praepositionis
1747 2247 1789 2289 vi

169 2319 337 2373 cogitat.
399 2319 467 2360 Ita
498 2320 638 2375 potius
669 2320 1002 2376 intellegendum
1034 2322 1116 2361 est:
1149 2318 1456 2374 entsprechend
1498 2319 1592 2360 dem
1623 2317 1790 2360 Namen

169 2389 241 2429 des
271 2389 397 2445 Vesp.
430 2390 593 2446 gerieth
624 2390 711 2435 Vit.
743 2391 789 2432 in
819 2390 1008 2441 Unruhe,
1040 2390 1083 2432 h.
1114 2404 1149 2431 e.
1181 2403 1335 2432 nomen
1366 2388 1619 2445 Vespasiani
1640 2389 1679 2430 ei
1699 2392 1789 2431 tam

170 2460 361 2503 odiosum
392 2465 495 2513 erat,
518 2464 567 2503 ut
588 2476 635 2503 eo
665 2462 930 2504 excitaretur.
952 2461 1003 2503 A.
1036 2460 1070 2512 I,
1104 2461 1172 2512 74,
1207 2461 1259 2502 16
1290 2461 1348 2504 ad
1368 2461 1477 2515 quod
1495 2461 1654 2504 exarsit
1667 2461 1768 2503 adeo
1777 2476 1790 2513 ‚·

170 2531 241 2584 XI,
273 2534 313 2584 2,
347 2534 372 2575 5
402 2531 460 2575 ad
489 2533 596 2587 quod
625 2533 728 2575 victo
756 2531 918 2576 silentio
941 2532 1140 2586 prorupit
1169 2546 1283 2581 reus;
1315 2531 1368 2576 A.
1393 2531 1448 2584 II,
1479 2532 1520 2583 2,
1544 2532 1569 2573 5
1592 2531 1790 2575 laetantes

169 2607 214 2645 ut
240 2605 372 2657 ferme
401 2605 459 2648 ad
487 2619 592 2647 nova
622 2604 825 2658 irnperio,-
856 2602 911 2646 H.
943 2603 1000 2655 H,
1033 2604 1102 2655 36,
1136 2603 1163 2645 8
1198 2603 1303 2646 laeto
1332 2607 1370 2647 et
1398 2603 1529 2646 milite
1568 2602 1625 2645 ad
1653 2607 1788 2646 mwta·

168 2676 318 2718 tionem
347 2676 520 2730 ducum‚·
560 2675 753 2718 Handius
790 2674 836 2717 in
866 2674 986 2717 Turs.
1019 2675 1063 2727 Ι,
1095 2690 1136 2731 p.
1168 2675 1224 2717 96
1271 2688 1409 2729 seqq.,
1453 2673 1524 2716 ubi
1561 2673 1638 2716 hos
1677 2673 1789 2716 locos

171 2857 259 2889 sent.
283 2854 373 2889 Item
397 2854 547 2900 quidam
572 2854 715 2889 dieunt:
743 2853 807 2889 «de
830 2856 958 2889 senatu
972 2852 1141 2889 ires-*dici
1161 2853 1287 2899 potius
1310 2863 1418 2899 quam
1445 2863 1483 2887 «e
1506 2855 1668 2896 senatu»,
1693 2852 1788 2898 quod

171 2913 214 2947 de
242 2925 292 2956 eo,
330 2925 398 2958 quo
431 2915 578 2956 inimus,
614 2914 767 2948 dicimus
801 2913 897 2956 «in»,
936 2912 1022 2947 ‹de›
1055 2923 1136 2947 cum
1164 2912 1334 2958 redimus.
1376 2911 1459 2948 «Ex
1483 2916 1612 2948 senatu
1635 2912 1784 2948 eiectum

167 2971 292 3016 potius
317 2983 425 3017 qaam
452 2972 516 3008 «de
538 2976 698 3008 senatu.»
738 2971 881 3007 Ibidem
906 2970 952 3005 cf.
977 2970 1150 3017 exempla
1173 2982 1220 3007 ex
1244 2969 1430 3007 Ciceronis
1455 2970 1604 3018 scriptis
1627 2969 1786 3007 conlata.
