2071 3219
863 158 944 171 .--
1004 135 1174 177 37-

218 265 289 307 fiir
314 264 461 320 jetzt.»
502 264 550 306 Id
581 263 698 318 quod
724 263 905 314 volebat,
936 263 1065 305 verba
1097 260 1155 304 ad
1179 272 1403 316 praesens
1433 262 1687 319 exprimunt,
1720 276 1850 317 quam

218 335 445 378 formulam
477 334 606 377 octies
638 334 810 377 Tacitus
841 334 1031 390 scripsit:
1071 334 1118 377 in
1148 332 1204 376 H.
1236 334 1270 386 I,
1313 334 1382 386 85,
1415 336 1441 377 3
1473 334 1764 388 compositique
1792 331 1851 376 ad

214 419 422 460 praesens,
467 405 541 458 qui
569 406 743 447 coerceri
771 418 855 448 non
876 409 1098 458 poterant5
1141 403 1220 456 IH,
1268 405 1339 456 29,
1382 406 1429 455 5;
1474 403 1525 446 A.
1558 403 1634 454 IV,
1679 405 1749 455 31,
1794 404 1850 446 14

218 491 364 531 aspere
394 480 603 530 acceptam
633 475 690 520 ad
714 489 937 531 praesens-,-
967 476 1039 528 40,
1073 476 1129 518 33
1159 475 1207 529 †;
1240 475 1355 526 XIII,
1389 477 1459 528 22,
1494 476 1540 526 73
1573 473 1690 527 XIV,
1723 475 1764 527 6,
1796 475 1848 526 93

219 548 290 598 62,
326 547 403 596 13;
435 545 550 598 XVI,
583 547 623 597 5,
661 547 725 589 15.
747 571 798 576 —-
817 546 945 588 Hunc
975 561 1099 588 usum
1119 549 1344 603 argenteae
1375 548 1544 588 tantum
1575 545 1727 588 aetatis
1759 560 1849 588 esse

218 617 414 660 Handius
444 618 473 660 1.
504 618 530 660 l.
562 634 603 673 p.
639 619 721 660 128
754 618 955 674 exemplis
985 618 1193 674 probavit.
1225 618 1290 661 De
1311 618 1475 674 origine
1506 618 1657 660 talium
1688 617 1848 660 formu·
1883 611 1886 613 ’

218 691 356 732 larum
386 689 490 731 certi
533 689 758 744 quicquam
801 689 1058 732 constituere
1090 703 1176 731 non
1216 689 1371 739 audeo,
1419 689 1598 744 cogitari
1628 690 1768 743 potest
1796 687 1847 731 de

219 759 604 814 circumscriptione
635 759 767 800 dativi
798 759 1029 810 commodi,
1061 761 1203 814 potest
1233 759 1362 801 etiam
1393 761 1443 802 de
1479 760 1584 801 «ad»
1618 759 1703 809 illo,
1735 758 1847 812 quod

219 833 284 872 est
314 830 360 870 in
400 830 583 871 formula
623 830 732 883 quod
777 831 923 872 attinet
963 830 1038 881 ad,
1086 830 1159 871 sed
1204 831 1254 871 de
1292 830 1358 871 his
1390 830 1511 871 nobis
1543 844 1630 871 non
1662 829 1845 883 amplius

219 899 508 955 quaerendum
540 902 617 942 est.
655 925 703 930 —

438 1202 493 1257 O.
532 1203 693 1268 ‚‚Ad“
730 1216 902 1256 sensu
938 1201 1310 1257 translaticio
1347 1202 1625 1269 positum.

496 1334 534 1384 Ι.
578 1334 642 1383 De
679 1333 924 1384 directione
961 1334 1017 1383 ad
1052 1349 1147 1383 rem
1183 1348 1341 1383 versus
1378 1332 1559 1382 dicitur.

332 1440 639 1482 Translaticius
690 1440 816 1481 huius
867 1439 1190 1495 praepositionis
1239 1454 1340 1481 usus
1384 1438 1749 1494 frequentissimus
1795 1445 1845 1481 ut

216 1510 326 1565 apud
357 1524 502 1552 omnes
533 1510 755 1565 scriptores
786 1510 848 1551 ita
879 1510 992 1565 apud
1023 1509 1233 1551 Tacitum.
1294 1509 1445 1564 Itaque

337 1582 374 1622 1.
414 1581 581 1636 saepius
612 1581 923 1636 praepositione
953 1580 1101 1633 utitur,
1133 1582 1183 1622 ut
1211 1595 1434 1622 numerum
1465 1580 1648 1635 aliquem
1678 1579 1733 1621 ad
1753 1594 1842 1622 cer·

214 1653 307 1692 tum
338 1665 559 1692 numerum
590 1651 776 1706 proxime
808 1651 1001 1693 accedere
1033 1650 1256 1706 exprimat,
1288 1652 1433 1692 tamen
1470 1652 1519 1691 ut
1558 1663 1643 1691 non
1674 1663 1847 1704 prorsus

214 1720 390 1762 eandem
421 1721 740 1762 multitudinem
771 1720 1113 1777 comprehendat.
1176 1720 1380 1776 Exempla
1409 1720 1563 1772 omnia,
1586 1733 1846 1775 quamquam

215 1806 389 1834 numero
421 1807 558 1847 pauca
587 1792 649 1833 ita
679 1795 927 1847 comparata
947 1795 1059 1843 sunt,
1082 1794 1131 1833 ut
1156 1792 1209 1834 ad
1203 1791 1588 1857 ,praepositionem
1607 1791 1730 1833 milia
1750 1805 1846 1833 cum

215 1861 410 1917 genetivo
442 1861 700 1904 substantivi
731 1862 798 1905 vel
828 1862 1044 1919 participii
1073 1861 1305 1919 pertineat:
1337 1861 1383 1903 in
1413 1860 1497 1917 Ag.
1532 1861 1605 1913 37,
1639 1862 1694 1904 25
1725 1874 1847 1905 caesa

213 1934 392 1976 hostium
422 1932 479 1976 ad
508 1934 643 1976 decem
672 1934 820 1987 milia‚·
850 1934 905 1976 H.
938 1933 972 1986 Ι,
1006 1934 1074 1986 61,
1108 1934 1132 1976 7
1165 1932 1223 1976 ad
1252 1934 1540 1987 quadrayinta
1560 1932 1682 1976 milia
1701 1946 1846 1975 arma-

213 2009 350 2045 torum
375 2005 478 2046 data
490 2005 514 2054 ,·'
546 2005 615 2054 63,
650 2005 673 2045 ’7
712 2018 833 2046 caesa
875 2009 1013 2046 tamen
1053 2005 1111 2046 ad
1148 2008 1343 2058 quattuor
1373 2004 1495 2046 milia
1524 2004 1735 2045 hominum
1746 2018 1760 2054 ,-
1792 2003 1844 2047 A.

214 2074 329 2126 XIV,
364 2076 433 2126 33,
468 2075 523 2116 14
553 2075 610 2118 ad
635 2076 898 2130 septuayinta
929 2076 1053 2118 milia
1082 2074 1234 2118 civium
1263 2078 1301 2117 et
1329 2075 1536 2118 sociorum
1569 2098 1620 2104 —-
1653 2073 1848 2118 cecidisse

214 2146 405 2189 constitit.
467 2144 646 2187 Acidalii
688 2145 971 2188 coniecturam
1010 2146 1053 2187 in
1074 2145 1141 2192 H.
1173 2145 1217 2198 Ι,
1252 2146 1329 2197 79,
1364 2143 1432 2201 3¹)
1463 2159 1555 2202 pro:
1588 2159 1745 2201 maqna
1772 2158 1847 2198 spe

214 2218 272 2258 ad
301 2216 505 2259 Moesiam
539 2217 811 2269 inruperant,
852 2230 993 2259 novem
1032 2217 1154 2259 milia
1183 2217 1387 2270 equitum:
1424 2209 1631 2269 Moesiam
1669 2217 1845 2269 inrupe-

213 2291 322 2340 rant,
355 2287 413 2331 ad
442 2301 581 2331 novem
611 2287 732 2331 milia
761 2301 831 2342 eq„
865 2286 955 2329 iure
978 2286 1245 2331 Woelfflinus
1263 2287 1309 2331 in
1337 2286 1447 2331 Phil.
1481 2284 1660 2339 XXVII,
1692 2302 1733 2342 p.
1759 2287 1844 2329 138

214 2373 264 2399 ex
285 2372 410 2400 sensu
430 2358 561 2400 totius
580 2357 660 2398 loci
682 2356 883 2398 refellisse
904 2356 1012 2398 mihi
1032 2357 1210 2401 videtur.
1249 2356 1365 2399 Num
1385 2356 1691 2413 interpretatio,
1715 2370 1844 2412 quam

215 2429 407 2470 Handius
437 2430 481 2470 in
513 2430 631 2470 Turs.
662 2429 696 2480 I,
729 2445 769 2483 p.
810 2430 893 2469 103
936 2429 1190 2482 quibusdam
1220 2429 1321 2470 locis
1352 2428 1542 2469 Livianis
1579 2430 1623 2469 et
1653 2427 1844 2469 Caesuri-

215 2498 307 2541 anis
339 2499 601 2556 probandam
632 2514 721 2542 esse
751 2497 1072 2541 demonstravit:
1108 2498 1212 2540 «ad»
1237 2497 1530 2541 adverbialiter
1551 2497 1734 2554 positum
1754 2511 1844 2540 esse

215 2585 293 2626 pro
328 2571 559 2622 «circiter,»
593 2571 638 2612 in
672 2571 850 2612 Taciteis
881 2570 1009 2611 etiam
1043 2570 1203 2621 valeat,
1245 2570 1412 2620 dubito,
1455 2569 1615 2624 quippe
1652 2582 1728 2624 pro
1758 2583 1844 2623 qua

214 2641 495 2697 explicatione
525 2642 689 2684 nullum
720 2642 1016 2698 argumentum
1046 2639 1222 2697 proferri
1252 2642 1403 2696 potest.
1465 2638 1579 2682 Nam
1598 2639 1720 2683 milia
1750 2638 1843 2695 qui-

214 2712 309 2756 dem
340 2727 503 2769 semper
533 2712 578 2755 in
610 2713 846 2756 accusativo
882 2712 1048 2765 dicitur,
1079 2714 1173 2755 toto
1203 2713 1346 2755 autem
1375 2711 1612 2764 enuntiato,
1634 2726 1670 2757 e.
1692 2705 1843 2754 e.'ver-

157 2798 171 2808 ⁶
214 2785 277 2826 bis
308 2785 366 2827 ad
395 2789 574 2839 quatuor
602 2785 725 2828 milia
760 2786 972 2828 hominum
1008 2784 1243 2826 subiectum
1273 2783 1510 2827 sententiae
1540 2782 1734 2825 efficitur.

340 2959 367 3005 ¹)
392 2961 439 2996 de
463 2961 533 2997 hoc
557 2961 638 2997 loco
663 2974 697 2996 v.
716 2974 753 3007 p.
779 2962 836 2996 26.
