2071 3219
490 909 558 964 A.
618 908 775 974 ,‚Ad“
813 921 988 963 sensu
1023 907 1205 963 locali
1241 907 1515 975 positum.

488 1093 527 1126 a.
565 1077 631 1125 De
668 1076 913 1125 directione
952 1077 1009 1126 ad
1046 1093 1141 1126 rem
1177 1093 1334 1127 versus
1372 1079 1548 1127 dicitur.

317 1210 491 1251 Tacitus
523 1208 837 1263 praepositione
872 1209 976 1250 «ad»
1011 1209 1091 1251 hac
1122 1210 1446 1265 significatione,
1479 1225 1606 1264 quam
1650 1211 1831 1271 primam

199 1297 288 1324 esse
330 1295 458 1335 supra
497 1279 680 1322 vidimus
728 1281 771 1321 et
811 1294 905 1321 cum
946 1279 1084 1322 verbis
1125 1279 1321 1323 movendi
1361 1282 1404 1323 et
1442 1295 1536 1323 cum
1577 1279 1830 1333 nominibus,

199 1351 351 1406 quibus
379 1352 521 1392 motus
551 1349 672 1392 notio
701 1350 824 1401 inest,
857 1350 1083 1393 coniuncta
1112 1365 1198 1393 non
1230 1365 1328 1393 raro
1348 1366 1447 1393 usus
1467 1354 1543 1394 est.
1575 1351 1644 1394 Ita
1665 1352 1832 1407 scripsit

202 1419 423 1464 «tendere
455 1434 628 1463 manum
660 1420 713 1461 ad
745 1420 905 1475 aliquid
937 1422 1000 1462 vel
1033 1421 1256 1476 aliquem»
1292 1422 1337 1463 in
1369 1420 1422 1462 A.
1455 1421 1482 1462 l.
1506 1421 1540 1473 Ι,
1563 1436 1596 1464 c.
1622 1422 1690 1474 11,
1712 1437 1749 1463 v.
1777 1422 1832 1463 14

200 1492 450 1543 (secundum
471 1491 697 1533 editionem
721 1491 1031 1546 Halmianam):
1064 1493 1122 1534 ad
1142 1493 1248 1543 deos,
1281 1492 1339 1534 ad
1359 1492 1534 1547 effiyiem
1553 1492 1744 1547 Augusti,
1776 1492 1833 1533 ad

196 1576 336 1617 yenua
364 1562 505 1614 ipsius
536 1575 688 1603 manus
718 1562 906 1614 tendere,·
946 1561 1141 1603 similiter
1180 1562 1224 1603 in
1272 1561 1324 1603 A.
1368 1561 1425 1607 ΙΙ.
1468 1562 1537 1613 29,
1582 1563 1606 1604 7
1649 1564 1692 1603 et
1733 1560 1830 1612 XII,

199 1634 270 1682 65,
314 1633 383 1682 16,
417 1631 569 1686 quibus
599 1646 695 1672 eum
725 1631 827 1673 locis
858 1632 1143 1686 comparanda
1173 1635 1274 1672 sunt
1304 1632 1430 1672 verba
1460 1632 1506 1672 in
1537 1631 1588 1672 A.
1621 1631 1676 1682 Π,
1705 1632 1775 1681 61,
1807 1632 1826 1671 1

199 1702 484 1745 Germanicus
505 1701 604 1743 aliis
624 1715 780 1755 quoque
800 1701 1019 1744 miraculis
1037 1702 1217 1743 intendit
1237 1702 1425 1743 animum
1436 1717 1449 1754 ,·
1478 1700 1561 1752 ΠΙ,
1594 1701 1676 1752 24,
1711 1701 1731 1741 1
1757 1700 1785 1753 †
1800 1700 1830 1752 1)

196 1773 350 1826 effectis
387 1773 434 1814 in
474 1785 579 1826 quae
619 1771 771 1813 tetendi
815 1770 883 1825 (ef.
916 1786 956 1826 p.
991 1771 1075 1826 15).
1112 1795 1164 1801 —
1198 1769 1401 1812 Similiter
1440 1771 1486 1812 in
1526 1770 1578 1813 A.
1611 1770 1728 1823 XIV,
1761 1772 1830 1822 30,

198 1843 225 1883 4
256 1842 436 1898 legitur:
479 1842 659 1884 sublatis
697 1842 755 1883 ad
794 1842 951 1883 caelum
991 1840 1252 1894 manibus52)
1299 1841 1350 1883 A.
1396 1841 1417 1882 I
1432 1874 1442 1892 ‚
1481 1843 1547 1892 25,
1591 1843 1619 1883 4
1649 1843 1833 1895 quotiens

196 1913 331 1956 oculos
361 1913 419 1955 ad
447 1912 755 1954 multitudinem
785 1911 1039 1954 rettulerant.
1082 1911 1149 1954 Ad
1181 1911 1505 1968 significandum
1537 1915 1676 1954 terrae
1700 1911 1829 1954 situm

197 1983 326 2026 verbo
356 1980 583 2036 vergendi
615 1982 872 2038 praepositio
905 1982 1073 2025 additur
1102 1982 1147 2024 in
1179 1981 1231 2024 H.
1265 1981 1319 2033 V,
1354 1983 1393 2033 6,
1430 1984 1448 2023 l
1475 1982 1608 2025 Terra
1633 1984 1828 2037 finesque,

195 2068 279 2108 qua
294 2054 352 2095 ad
367 2055 567 2095 orientem
587 2057 773 2107 verqunt,
795 2053 962 2095 Arabia
977 2053 1321 2095 determinantur.
1347 2077 1401 2082 ——
1422 2052 1473 2094 In
1497 2052 1657 2095 deliciis
1680 2054 1830 2095 deinde

317 2227 344 2273 ¹)
368 2228 439 2264 hac
464 2229 554 2264 nota
572 2228 593 2271 †
611 2226 816 2272 indicatur,
844 2226 1057 2273 exemplum
1084 2237 1163 2263 esse
1189 2226 1427 2273 desumptum
1452 2238 1497 2263 ex
1523 2227 1691 2264 oratione
1715 2229 1830 2269 reeta,
1901 2258 1904 2261 .

194 2297 279 2322 cum
305 2286 522 2332 exemplum
546 2288 636 2322 nota
660 2287 679 2305 *
705 2287 890 2321 munitum
915 2286 954 2319 in
981 2286 1149 2320 oratione
1174 2285 1330 2329 obliqua
1354 2285 1497 2320 dictum
1522 2286 1582 2321 sit.

316 2356 345 2402 ²)
371 2356 415 2392 In
454 2357 638 2403 exemplis
676 2357 756 2394 eius
794 2356 895 2393 modi
932 2355 1156 2402 primariam
1193 2355 1506 2401 significationem
1543 2355 1830 2403 praepositionis

196 2415 436 2461 perspicuam
462 2416 584 2452 adhuc
609 2428 689 2452 esse
715 2415 861 2451 Pottius
887 2414 910 2448 l.
937 2414 962 2449 l.
988 2414 1083 2448 mihi
1116 2413 1323 2458 persuasit,
1356 2425 1438 2449 cum
1465 2415 1758 2460 praepositiones
1782 2414 1831 2449 ad

196 2476 235 2509 et
260 2472 305 2508 de
331 2486 376 2510 ex
417 2475 551 2510 eadem
588 2475 713 2510 radice
751 2474 939 2520 profectas
971 2484 1050 2509 esse
1089 2472 1308 2513 contendat,
1346 2473 1401 2509 ita
1434 2475 1477 2509 ut
1509 2477 1558 2513 ad
1588 2474 1738 2520 proprie
1763 2474 1828 2510 sit:

197 2533 338 2568 «nach
362 2533 493 2577 oben,
521 2533 780 2578 ilberhaupt
805 2534 881 2568 ein
906 2532 1168 2574 Hinwarts,
1206 2531 1262 2565 de
1286 2531 1445 2578 dayeqen
1469 2532 1528 2567 ein
1557 2533 1635 2568 Von
1660 2531 1830 2574 Obenher,

194 2591 253 2625 ein
277 2590 515 2627 Herabwc'z‘rts
530 2593 617 2627 oder
633 2593 692 2627 ein
714 2592 846 2627 Woher
862 2593 912 2626 im
930 2591 1204 2635 Allyemeinen.»
1232 2590 1291 2624 Ad
1317 2591 1544 2626 sententiem
1570 2603 1676 2626 suam
1699 2591 1829 2626 confir-

197 2648 375 2683 mandam
403 2649 579 2695 exempla
604 2649 760 2685 attulit:
787 2648 1000 2690 ascendere,
1026 2648 1270 2692 descendere3
1295 2648 1460 2691 acclivis,
1486 2649 1654 2694 declivis,
1679 2660 1829 2685 manus·

195 2716 267 2749 que
293 2717 437 2740 sursum
463 2707 512 2741 ad
529 2707 671 2742 eoelum
691 2708 856 2747 sustulit,
882 2718 992 2751 quem
1011 2718 1119 2740 usum
1136 2708 1270 2750 poetae
1291 2706 1331 2741 in
1356 2707 1488 2751 primis
1505 2709 1699 2744 haberent.
1727 2707 1828 2750 Quae

197 2764 379 2800 adnotavi
403 2767 559 2810 propter
583 2765 891 2811 explicationem,
929 2776 1042 2811 quam
1077 2764 1322 2801 Forcellinius
1359 2764 1399 2800 in
1431 2765 1565 2802 Lexieo
1595 2765 1642 2802 de
1670 2777 1828 2813 praepo·

196 2823 333 2858 sitione
358 2824 534 2868 protulit:
574 2825 729 2860 volebat
754 2827 855 2860 enim
883 2824 975 2859 ‹ad›
1002 2824 1217 2859 derivatum
1249 2835 1328 2859 esse
1355 2835 1401 2859 ex
1427 2825 1704 2870 praepositione
1727 2823 1828 2866 apud

195 2881 304 2927 (apd,
330 2882 410 2927 ad),
437 2884 534 2927 quod
561 2883 592 2918 si
618 2895 749 2919 verum
774 2886 890 2926 esset,
924 2883 1037 2920 aliter
1061 2882 1155 2918 haec
1180 2882 1352 2927 quaestio
1377 2883 1612 2920 instituenda
1636 2886 1728 2920 erat.
1755 2884 1826 2920 Re·

196 2939 388 2974 deundum
413 2941 522 2975 nobis
548 2943 606 2976 est
630 2942 678 2976 ad
704 2942 800 2978 hanc
824 2943 1053 2978 sent-entiam
1078 2941 1236 2976 inferius
1261 2953 1298 2986 p.
1325 2942 1381 2976 29.
