2071 3219
883 126 1060 193 --43
1122 150 1178 156 -

218 257 350 313 igitur
379 257 447 308 sit,
480 256 618 300 evicta
643 258 722 307 est,
753 256 803 297 ut
821 254 1092 297 miseratione
1122 253 1384 297 adficeretur.
1418 252 1481 298 cf.
1503 252 1645 295 Hand.
1667 252 1789 295 Ture.
1810 251 1846 304 I,

220 344 262 383 p.
311 317 376 370 87'
418 330 462 370 et
505 327 609 369 alios
658 326 790 377 locos,
849 324 923 367 ubi
971 339 1142 380 prorsus
1187 323 1334 366 eadem
1379 324 1546 366 ratione
1590 322 1848 379 praepositio

223 399 319 441 ‹in›
352 400 555 454 usurpata
584 397 658 440 sit:
691 397 737 438 in
768 395 823 438 H.
856 395 911 447 H,
945 396 1015 448 64,
1049 396 1103 437 12
1134 396 1181 438 in
1206 395 1412 451 qaudium
1441 399 1590 448 evicta,·
1626 394 1678 436 A.
1709 393 1745 446 Ι,
1777 394 1845 445 57,

225 471 276 512 15
316 471 447 512 evicta
488 471 535 512 in
575 469 789 511 lacrimas.
826 491 873 497 —-
910 465 1115 509 Similiter
1155 481 1255 508 usus
1285 466 1612 522 praepositionis
1641 465 1687 507 in
1718 464 1847 506 verbo

219 536 378 593 subigi
406 536 464 581 ad
493 553 537 581 86
568 538 719 581 habetz
751 537 797 580 in
828 536 884 582 H.
912 529 1063 590 111‚‘8‚
1099 538 1152 580 15
1184 538 1243 580 ad
1272 537 1523 580 deditionem
1551 536 1705 591 submi,
1736 534 1780 579 h.
1812 549 1847 576 e.

221 611 375 667 subigi,
407 613 455 652 ut
486 610 640 653 deditio
671 611 885 665 sequatur.
915 606 1162 651 detrudere
1195 606 1293 665 adl)
1326 608 1372 651 in
1403 608 1454 650 A.
1476 606 1596 658 XIII,
1630 608 1699 657 43,
1733 606 1757 648 7
1790 605 1848 648 ad

130 699 134 703 ·
219 684 497 726 necessitatem
525 681 620 725 belli
649 681 786 724 civilis
814 681 1042 723 detrusum.

342 761 522 817 erigere
554 761 631 807 ad:
661 763 705 805 in
737 762 790 806 H.
822 762 881 815 V,
931 763 1002 816 15,
1054 764 1103 805 11
1138 763 1196 806 ad
1230 763 1531 806 maturandum
1571 774 1757 804 summae
1785 760 1849 801 rei

222 836 446 880 discrimen
469 837 621 884 erexit‚·
653 834 705 880 A.
727 834 784 887 Π,
808 835 879 886 25,
915 835 936 877 1
969 839 1016 878 ut
1046 834 1277 879 Germanos
1306 834 1363 877 ad
1390 848 1506 888 spem
1535 833 1629 876 belli
1658 833 1720 875 ita
1744 830 1847 875 Gae-

220 919 359 951 sarem
394 908 452 950 ad
491 906 753 950 coemendum
791 909 933 955 erexit.
985 905 1053 948 Ita
1082 906 1211 948 etiam
1243 904 1467 961 participio
1498 904 1636 946 utitur
1665 916 1741 959 pro
1772 901 1847 944 ad-

221 979 372 1020 iectivo
402 979 449 1019 in
480 978 532 1020 A.
565 978 621 1029 Π,
656 979 722 1028 71,
757 979 776 1019 1
815 976 973 1020 Caesar
1005 966 1228 1031 paulisper
1255 977 1315 1019 ad
1344 990 1460 1029 spem
1489 979 1656 1017 erectus.
1708 973 1760 1014 In
1790 972 1844 1014 A.

221 1048 299 1100 III,
333 1049 373 1099 7,
406 1049 431 1089 2
463 1048 593 1090 codex
623 1047 817 1089 exhibet:
850 1048 995 1090 erectis
1024 1048 1209 1090 omnium
1239 1047 1397 1089 animis
1418 1045 1623 1099 petendae
1651 1058 1673 1087 e
1698 1042 1848 1086 Pisone

220 1119 391 1162 ultionis
420 1123 458 1161 et
487 1119 626 1161 crebro
654 1122 810 1172 questu,
842 1119 975 1172 quod.
995 1154 1003 1162 .
1023 1133 1059 1167 .;
1106 1120 1205 1160 ante
1243 1116 1494 1159 vocabulum
1531 1115 1737 1169 petendae
1767 1112 1846 1154 ali-

223 1190 325 1245 quid
356 1190 555 1232 excidisse
585 1205 636 1231 ex
666 1204 790 1231 sensu
822 1191 1012 1245 apparet,
1044 1202 1301 1243 quamquam
1322 1186 1599 1242 Nipperdeius
1630 1184 1847 1227 dissimili-

223 1261 299 1302 bus
330 1260 530 1317 exemplis
569 1260 722 1303 adlatis
759 1260 802 1302 id
845 1260 1002 1302 factum
1050 1274 1137 1301 esse
1174 1260 1316 1316 negat.
1364 1257 1448 1313 (Cf.
1480 1256 1622 1301 Halm.
1654 1256 1701 1297 in
1731 1269 1846 1297 com-

222 1334 351 1374 ment.
379 1330 492 1386 crit.)
524 1330 634 1374 Cum'
660 1334 800 1373 autem
831 1333 989 1373 vertat:
1021 1332 1241 1386 eriyuntur
1269 1330 1404 1373 animi
1426 1329 1631 1383 petendae
1661 1327 1845 1378 ultionis,

222 1404 292 1446 die
323 1402 547 1446 Gemic‘ther
577 1401 680 1445 aller
710 1402 905 1445 richteten
935 1402 1024 1462 sich
1052 1414 1156 1444 zur
1186 1401 1428 1455 Eneryie
1458 1400 1547 1453 auf,
1579 1399 1624 1441 in.
1654 1398 1729 1441 der
1757 1396 1845 1439 Ab·

130 1462 134 1466 .
221 1474 326 1516 sicht
355 1474 434 1516 den
463 1473 567 1516 Piso
595 1487 675 1516 eur
694 1472 838 1527 Strafe
868 1487 923 1515 ,eu
942 1473 1096 1525 ziehen,
1129 1472 1255 1514 verbo
1276 1470 1467 1527 erigendi
1488 1468 1847 1526 significationem

220 1544 384 1593 tribuit,
418 1544 534 1584 cuius
564 1557 642 1598 ego
673 1542 867 1598 exempla*
891 1543 1089 1593 desidero,
1122 1543 1168 1584 in
1198 1542 1335 1583 tribus
1362 1542 1488 1592 enim,
1522 1554 1631 1595 quae
1652 1538 1845 1594 protulit,

221 1614 271 1655 de
302 1613 501 1667 erigendo
531 1627 586 1655 ,eu
616 1614 746 1656 einem
766 1613 1021 1667 eneryischen
1051 1612 1205 1656 Willen
1224 1612 1313 1655 und
1338 1612 1515 1655 Ver-sate
1535 1609 1643 1652 nihil
1663 1607 1847 1663 reperire

222 1698 412 1739 possum,
456 1683 558 1737 quin
604 1683 651 1725 in
697 1684 856 1725 duobus
887 1698 1032 1725 eorum
1063 1683 1135 1738 (H.
1168 1683 1223 1734 V,
1258 1684 1335 1735 15,
1386 1682 1462 1728 11:
1512 1681 1562 1722 A.
1594 1679 1656 1732 Π,
1688 1679 1769 1729 25,
1804 1678 1847 1732 1)

221 1753 478 1809 praepositio
512 1753 618 1796 ‹ad›
653 1753 825 1806 accedit,
857 1753 903 1796 in
934 1741 1061 1798 tertio
1091 1753 1163 1808 (H.
1181 1753 1259 1807 HI,
1279 1754 1347 1806 59,
1366 1752 1409 1807 4)
1442 1754 1606 1795 erectus
1621 1748 1849 1806 respondet

221 1826 366 1866 nostro
399 1824 619 1879 aufyereyt‚
652 1825 699 1866 in
718 1824 985 1879 Aufreyuny‚
1018 1825 1062 1866 in
1091 1824 1186 1866 aliis
1218 1824 1347 1867 etiam
1377 1824 1489 1865 idem
1520 1824 1583 1865 est
1610 1820 1721 1876 quod
1755 1819 1847 1871 aus-

219 1891 416 1951 yer'ichtet
429 1909 504 1951 pro
520 1910 563 1937 se
580 1895 753 1947 dictum,
775 1895 816 1940 h.
834 1909 869 1937 e.
885 1895 1112 1939 adlevatus.
1131 1896 1231 1952 Ipsa
1243 1910 1341 1939 vero
1358 1894 1551 1938 versione
1564 1890 1848 1948 Nipperdeius

220 1966 417 2021 prodidit,
440 1980 482 2007 se
497 1966 633 2021 ipsum
651 1965 810 2020 aliquid
823 1969 1077 2021 expectasse,
1096 1967 1207 2021 quod
1223 1967 1275 2009 ad
1290 1967 1434 2009 erectis
1449 1965 1673 2021 pertineat.
1685 1960 1849 2018 Negari

220 2035 390 2090 quidem
411 2049 498 2077 non
518 2038 657 2090 potest
677 2035 842 2090 saepius
864 2036 1057 2079 absolute
1084 2036 1354 2092 participium
1375 2051 1401 2078 a
1421 2035 1567 2078 Tacito
1597 2034 1846 2087 usurpatum

219 2120 320 2157 esse,
345 2105 554 2161 (exempla
574 2121 613 2163 v.
632 2106 746 2161 apud
762 2105 1058 2149 Bottieherum
1073 2108 1119 2150 in
1140 2107 1240 2150 Lex.
1263 2108 1361 2150 Tac.
1380 2122 1422 2162 p.
1443 2107 1560 2158 175),
1578 2104 1650 2146 sed
1665 2101 1847 2144 hocloco

218 2176 255 2218 si
286 2176 478 2219 absolute
508 2176 728 2228 diceretur,
760 2191 847 2219 non
878 2181 1004 2230 esset,
1036 2179 1246 2232 quomodo
1267 2193 1363 2221 cum
1385 2176 1576 2233 genitivo
1599 2175 1674 2218 illo
1693 2188 1848 2229 gerun-

220 2246 307 2290 divi
322 2246 442 2288 finali
454 2260 575 2288 sensu
593 2247 730 2303 posito
745 2248 1085 2304 coniungeretnr.
1098 2273 1155 2279 —
1168 2247 1482 2290 Freinshemius
1501 2246 1635 2304 igitur
1649 2243 1848 2286 emenda-

218 2320 316 2360 bat:
357 2319 502 2360 ereetis
533 2342 587 2347 —
603 2308 605 2310 ¹
621 2320 778 2361 animis
808 2331 903 2371 spe
935 2319 1136 2372 petendae
1166 2343 1222 2349 ——
1253 2319 1435 2362 ultionis.
1474 2317 1557 2360 Sed
1587 2317 1641 2358 ad
1672 2315 1847 2374 partici-

218 2388 338 2444 pium
355 2392 511 2432 erectus
532 2387 698 2444 saepius
712 2388 883 2444 quidem
904 2388 1065 2431 accedit
1081 2389 1293 2432 ablativus
1306 2387 1592 2437 instrumenti,
1615 2400 1847 2441 numquam

218 2461 359 2501 autem
389 2459 436 2502 in
465 2459 719 2511 Annalibus,
760 2460 821 2501 ita
849 2460 896 2501 in
926 2459 1010 2515 Ag.
1046 2461 1114 2511 18,
1152 2462 1197 2510 63
1228 2460 1283 2502 H.
1315 2459 1372 2511 H,
1407 2460 1445 2511 8,
1481 2460 1556 2509 16;
1587 2459 1666 2510 III,
1700 2459 1771 2510 59,
1804 2459 1845 2510 4,

218 2529 264 2571 in
293 2528 532 2572 Annalibus
564 2532 707 2572 autem
738 2545 824 2572 non
855 2530 938 2572 nisi
968 2545 1065 2573 cum
1095 2531 1407 2587 praepositione
1432 2530 1536 2573 «ad»
1561 2529 1846 2586 coniungitur,

217 2600 281 2643 ita
309 2603 359 2644 ut
388 2601 475 2644 fere
506 2615 640 2657 aequo
669 2601 783 2654 iure,
830 2601 942 2658 quod
973 2601 1025 2644 ad
1063 2616 1232 2645 sensum
1263 2602 1440 2654 attinet,
1484 2599 1741 2658 praepositio
1772 2614 1847 2656 pro

337 2776 364 2822 ¹)
391 2775 447 2813 Of.
472 2778 518 2813 H.
542 2778 588 2821 V,
613 2779 670 2821 25,
697 2779 741 2815 13
766 2781 789 2823 †
812 2780 853 2815 in
870 2790 975 2815 arma
994 2783 1125 2815 trusos.
1152 2778 1207 2816 Of.
1224 2778 1267 2815 A.
1285 2780 1315 2824 I,
1339 2780 1397 2825 63,
1422 2780 1443 2815 7
1459 2780 1603 2816 trudere
1617 2780 1659 2814 in
1674 2778 1848 2825 paludes,-

217 2838 282 2881 IV,
314 2837 371 2879 54,
402 2838 445 2873 17
474 2842 609 2875 trusere
636 2839 678 2874 in
705 2850 847 2875 summa
874 2839 1027 2884 castelli5
1060 2838 1104 2874 D.
1135 2839 1190 2882 32,
1229 2840 1273 2875 18
1308 2840 1351 2875 in
1382 2840 1639 2886 paueism’mos¹
1659 2849 1785 2875 sensus
1816 2842 1849 2875 et

217 2898 613 2993 mecummet
637 2898 850 2943 detrudant5
879 2897 924 2933 A.
948 2897 1048 2940 XIV,
1073 2898 1130 2941 54,
1155 2898 1188 2941 9,
1213 2899 1236 2942 †
1259 2909 1324 2935 nec
1352 2910 1406 2935 me
1434 2899 1476 2934 in
1495 2901 1750 2945 paupertatem
1771 2898 1849 2943 ipse
