<?xml version="1.0" encoding="UTF-8"?>
<!DOCTYPE html PUBLIC "-//W3C//DTD XHTML 1.0 Transitional//EN"
    "http://www.w3.org/TR/xhtml1/DTD/xhtml1-transitional.dtd">
<html xmlns="http://www.w3.org/1999/xhtml" xml:lang="en" lang="en">
 <head>
  <title>
</title>
<meta http-equiv="Content-Type" content="text/html;charset=utf-8" />
  <meta name='ocr-system' content='tesseract 3.04.00' />
  <meta name='ocr-capabilities' content='ocr_page ocr_carea ocr_par ocr_line ocrx_word'/>
</head>
<body>
  <div class='ocr_page' id='page_1' title='image "4626067_0012.png"; bbox 0 0 2071 3219; ppageno 0'>
   <div class='ocr_carea' id='block_1_1' title="bbox 407 236 1826 282">
    <p class='ocr_par' dir='ltr' id='par_1_1' title="bbox 407 236 1826 282">
     <span class='ocr_line' id='line_1_1' title="bbox 407 236 1826 282; baseline 0.001 -11"><span class='ocrx_word' id='word_1_1' title='bbox 407 237 444 271; x_wconf 89' lang='lat' dir='ltr'><strong>b.</strong></span> <span class='ocrx_word' id='word_1_2' title='bbox 470 236 519 271; x_wconf 88' lang='lat' dir='ltr'><strong>ad</strong></span> <span class='ocrx_word' id='word_1_3' title='bbox 543 236 863 282; x_wconf 72' lang='lat' dir='ltr'><strong>praepositionem</strong></span> <span class='ocrx_word' id='word_1_4' title='bbox 889 238 1114 282; x_wconf 84' lang='lat' dir='ltr'><strong>gerundium</strong></span> <span class='ocrx_word' id='word_1_5' title='bbox 1139 237 1247 273; x_wconf 85' lang='lat' dir='ltr'><strong>verbi</strong></span> <span class='ocrx_word' id='word_1_6' title='bbox 1272 237 1439 282; x_wconf 90' lang='lat' dir='ltr'><strong>pertinet</strong></span> <span class='ocrx_word' id='word_1_7' title='bbox 1476 262 1484 270; x_wconf 94' lang='lat'>.</span> <span class='ocrx_word' id='word_1_8' title='bbox 1534 262 1542 270; x_wconf 90' lang='lat'><strong>.</strong></span> <span class='ocrx_word' id='word_1_9' title='bbox 1593 263 1601 271; x_wconf 91' lang='lat'><strong>.</strong></span> <span class='ocrx_word' id='word_1_10' title='bbox 1652 237 1697 272; x_wconf 84' lang='lat'><strong>52</strong></span> <span class='ocrx_word' id='word_1_11' title='bbox 1713 256 1754 262; x_wconf 89' lang='lat'><strong>-—</strong></span> <span class='ocrx_word' id='word_1_12' title='bbox 1769 238 1826 272; x_wconf 92' lang='grc'><strong>53.</strong></span> 
     </span>
    </p>
   </div>
   <div class='ocr_carea' id='block_1_2' title="bbox 256 294 1887 1802">
    <p class='ocr_par' dir='ltr' id='par_1_2' title="bbox 256 294 1887 1802">
     <span class='ocr_line' id='line_1_2' title="bbox 478 294 1826 342; baseline 0.001 -12"><span class='ocrx_word' id='word_1_13' title='bbox 478 312 520 339; x_wconf 78' lang='grc' dir='ltr'><strong>α,</strong></span> <span class='ocrx_word' id='word_1_14' title='bbox 555 306 639 331; x_wconf 83' lang='lat' dir='ltr'><strong>cum</strong></span> <span class='ocrx_word' id='word_1_15' title='bbox 665 296 895 342; x_wconf 79' lang='lat' dir='ltr'><strong>praepositio</strong></span> <span class='ocrx_word' id='word_1_16' title='bbox 919 307 965 332; x_wconf 86' lang='lat' dir='ltr'><strong>ex</strong></span> <span class='ocrx_word' id='word_1_17' title='bbox 991 296 1116 332; x_wconf 84' lang='lat' dir='ltr'><strong>verbis</strong></span> <span class='ocrx_word' id='word_1_18' title='bbox 1181 320 1602 331; x_wconf 91' lang='grc'><strong>........</strong></span> <span class='ocrx_word' id='word_1_19' title='bbox 1650 295 1696 331; x_wconf 87' lang='grc'><strong>52</strong></span> <span class='ocrx_word' id='word_1_20' title='bbox 1712 315 1753 320; x_wconf 92' lang='lat'><strong>-—</strong></span> <span class='ocrx_word' id='word_1_21' title='bbox 1770 294 1826 331; x_wconf 84' lang='lat'><strong>53.</strong></span> 
     </span>
     <span class='ocr_line' id='line_1_3' title="bbox 478 353 1826 408; baseline 0.001 -20"><span class='ocrx_word' id='word_1_22' title='bbox 478 358 520 408; x_wconf 58' lang='grc' dir='ltr'><strong>β,</strong></span> <span class='ocrx_word' id='word_1_23' title='bbox 553 364 598 388; x_wconf 90' lang='lat' dir='ltr'><strong>ex</strong></span> <span class='ocrx_word' id='word_1_24' title='bbox 624 353 824 390; x_wconf 80' lang='lat' dir='ltr'><strong>adieetivis</strong></span> <span class='ocrx_word' id='word_1_25' title='bbox 849 353 1138 399; x_wconf 84' lang='lat' dir='ltr'><strong>partieipiisque</strong></span> <span class='ocrx_word' id='word_1_26' title='bbox 1181 379 1599 389; x_wconf 88' lang='grc'><strong>........</strong></span> <span class='ocrx_word' id='word_1_27' title='bbox 1769 355 1826 390; x_wconf 88' lang='grc'><strong>53.</strong></span> 
     </span>
     <span class='ocr_line' id='line_1_4' title="bbox 479 412 1827 464; baseline 0.001 -18"><span class='ocrx_word' id='word_1_28' title='bbox 479 427 516 464; x_wconf 73' lang='lat' dir='ltr'><strong>y,</strong></span> <span class='ocrx_word' id='word_1_29' title='bbox 555 423 600 447; x_wconf 86' lang='lat' dir='ltr'><strong>ex</strong></span> <span class='ocrx_word' id='word_1_30' title='bbox 626 412 872 448; x_wconf 86' lang='lat' dir='ltr'><strong>substantivis</strong></span> <span class='ocrx_word' id='word_1_31' title='bbox 896 412 1063 457; x_wconf 78' lang='lat' dir='ltr'><strong>pendeat</strong></span> <span class='ocrx_word' id='word_1_32' title='bbox 1125 437 1602 447; x_wconf 89' lang='lat'><strong>.........</strong></span> <span class='ocrx_word' id='word_1_33' title='bbox 1769 412 1827 447; x_wconf 87' lang='grc'><strong>53.</strong></span> 
     </span>
     <span class='ocr_line' id='line_1_5' title="bbox 411 469 1826 516; baseline -0.001 -12"><span class='ocrx_word' id='word_1_34' title='bbox 411 481 437 504; x_wconf 82' lang='lat' dir='ltr'><strong>c.</strong></span> <span class='ocrx_word' id='word_1_35' title='bbox 464 470 513 505; x_wconf 89' lang='lat' dir='ltr'><strong>ad</strong></span> <span class='ocrx_word' id='word_1_36' title='bbox 539 470 857 515; x_wconf 81' lang='lat' dir='ltr'><strong>praepositionem</strong></span> <span class='ocrx_word' id='word_1_37' title='bbox 881 471 1050 516; x_wconf 84' lang='lat' dir='ltr'><strong>pertinet</strong></span> <span class='ocrx_word' id='word_1_38' title='bbox 1074 470 1325 516; x_wconf 83' lang='lat' dir='ltr'><strong>gerundivum</strong></span> <span class='ocrx_word' id='word_1_39' title='bbox 1358 497 1601 505; x_wconf 91' lang='grc'><strong><em>.....</em></strong></span> <span class='ocrx_word' id='word_1_40' title='bbox 1651 469 1826 506; x_wconf 84' lang='grc'><strong>53-58,</strong></span> 
     </span>
     <span class='ocr_line' id='line_1_6' title="bbox 481 528 1826 574; baseline -0.001 -10"><span class='ocrx_word' id='word_1_41' title='bbox 481 545 524 569; x_wconf 85' lang='grc' dir='ltr'><strong>α,</strong></span> <span class='ocrx_word' id='word_1_42' title='bbox 563 540 647 564; x_wconf 84' lang='lat' dir='ltr'><strong>cum</strong></span> <span class='ocrx_word' id='word_1_43' title='bbox 672 529 901 574; x_wconf 77' lang='lat' dir='ltr'><strong>praepositio</strong></span> <span class='ocrx_word' id='word_1_44' title='bbox 927 540 972 565; x_wconf 87' lang='lat' dir='ltr'><strong>ex</strong></span> <span class='ocrx_word' id='word_1_45' title='bbox 998 529 1124 565; x_wconf 87' lang='lat' dir='ltr'><strong>verbis</strong></span> <span class='ocrx_word' id='word_1_46' title='bbox 1184 554 1602 564; x_wconf 92' lang='grc'><strong>........</strong></span> <span class='ocrx_word' id='word_1_47' title='bbox 1653 529 1698 564; x_wconf 89' lang='grc'><strong>54</strong></span> <span class='ocrx_word' id='word_1_48' title='bbox 1712 548 1756 554; x_wconf 89' lang='grc'>-</span> <span class='ocrx_word' id='word_1_49' title='bbox 1770 528 1826 563; x_wconf 92' lang='grc'><strong>57.</strong></span> 
     </span>
     <span class='ocr_line' id='line_1_7' title="bbox 555 586 1827 625; baseline 0 -3"><span class='ocrx_word' id='word_1_50' title='bbox 555 588 585 624; x_wconf 96' lang='grc'><strong>1.</strong></span> <span class='ocrx_word' id='word_1_51' title='bbox 612 588 726 624; x_wconf 85' lang='lat' dir='ltr'><strong>eundi</strong></span> <span class='ocrx_word' id='word_1_52' title='bbox 769 614 1602 625; x_wconf 84' lang='lat'>...............</span> <span class='ocrx_word' id='word_1_53' title='bbox 1770 586 1827 622; x_wconf 88' lang='lat'><strong>54.</strong></span> 
     </span>
     <span class='ocr_line' id='line_1_8' title="bbox 552 646 1887 688; baseline 0 -8"><span class='ocrx_word' id='word_1_54' title='bbox 552 646 585 680; x_wconf 85' lang='lat'><strong>2.</strong></span> <span class='ocrx_word' id='word_1_55' title='bbox 611 646 801 687; x_wconf 77' lang='lat' dir='ltr'><strong>mittendi,</strong></span> <span class='ocrx_word' id='word_1_56' title='bbox 826 646 999 688; x_wconf 83' lang='lat' dir='ltr'><strong>ducendi,</strong></span> <span class='ocrx_word' id='word_1_57' title='bbox 1023 646 1170 681; x_wconf 87' lang='lat' dir='ltr'><strong>ferendi</strong></span> <span class='ocrx_word' id='word_1_58' title='bbox 1242 671 1602 681; x_wconf 88' lang='grc'><strong>.......</strong></span> <span class='ocrx_word' id='word_1_59' title='bbox 1652 646 1754 680; x_wconf 88' lang='lat'><strong>54—</strong></span> <span class='ocrx_word' id='word_1_60' title='bbox 1770 646 1826 680; x_wconf 78' lang='lat'><strong>55.</strong></span> <span class='ocrx_word' id='word_1_61' title='bbox 1880 655 1887 661; x_wconf 83' lang='lat'><em>·</em></span> 
     </span>
     <span class='ocr_line' id='line_1_9' title="bbox 550 704 1827 751; baseline -0.002 -11"><span class='ocrx_word' id='word_1_62' title='bbox 550 705 583 740; x_wconf 88' lang='grc'><strong>3.</strong></span> <span class='ocrx_word' id='word_1_63' title='bbox 610 704 778 751; x_wconf 90' lang='lat' dir='ltr'><strong>eligendi</strong></span> <span class='ocrx_word' id='word_1_64' title='bbox 803 706 843 741; x_wconf 89' lang='lat' dir='ltr'><strong>et</strong></span> <span class='ocrx_word' id='word_1_65' title='bbox 866 705 1060 751; x_wconf 83' lang='lat' dir='ltr'><strong>deligendi</strong></span> <span class='ocrx_word' id='word_1_66' title='bbox 1122 730 1603 741; x_wconf 86' lang='grc'><strong>.........</strong></span> <span class='ocrx_word' id='word_1_67' title='bbox 1652 704 1696 740; x_wconf 89' lang='grc'><strong>55</strong></span> <span class='ocrx_word' id='word_1_68' title='bbox 1713 724 1755 729; x_wconf 91' lang='grc'>-</span> <span class='ocrx_word' id='word_1_69' title='bbox 1770 704 1827 739; x_wconf 88' lang='grc'><strong>56.</strong></span> 
     </span>
     <span class='ocr_line' id='line_1_10' title="bbox 550 763 1827 799; baseline -0.001 -1"><span class='ocrx_word' id='word_1_70' title='bbox 550 763 584 798; x_wconf 86' lang='grc'><strong>4.</strong></span> <span class='ocrx_word' id='word_1_71' title='bbox 611 763 728 799; x_wconf 83' lang='lat' dir='ltr'><strong>dandi</strong></span> <span class='ocrx_word' id='word_1_72' title='bbox 767 789 1602 799; x_wconf 91' lang='grc'><strong>...............</strong></span> <span class='ocrx_word' id='word_1_73' title='bbox 1771 763 1827 798; x_wconf 89' lang='grc'><strong>56.</strong></span> 
     </span>
     <span class='ocr_line' id='line_1_11' title="bbox 555 821 1827 868; baseline -0.001 -11"><span class='ocrx_word' id='word_1_74' title='bbox 555 824 589 857; x_wconf 91' lang='grc'><strong>5.</strong></span> <span class='ocrx_word' id='word_1_75' title='bbox 614 822 744 858; x_wconf 87' lang='lat' dir='ltr'><strong>variae</strong></span> <span class='ocrx_word' id='word_1_76' title='bbox 770 822 1059 868; x_wconf 84' lang='lat' dir='ltr'><strong>significationis</strong></span> <span class='ocrx_word' id='word_1_77' title='bbox 1125 848 1604 858; x_wconf 89' lang='grc'><strong>.........</strong></span> <span class='ocrx_word' id='word_1_78' title='bbox 1653 822 1698 857; x_wconf 88' lang='grc'><strong>56</strong></span> <span class='ocrx_word' id='word_1_79' title='bbox 1712 841 1756 846; x_wconf 86' lang='grc'>-</span> <span class='ocrx_word' id='word_1_80' title='bbox 1771 821 1827 856; x_wconf 92' lang='grc'><strong>57.</strong></span> 
     </span>
     <span class='ocr_line' id='line_1_12' title="bbox 480 879 1827 936; baseline -0.001 -21"><span class='ocrx_word' id='word_1_81' title='bbox 480 884 522 936; x_wconf 77' lang='grc' dir='ltr'><strong>β,</strong></span> <span class='ocrx_word' id='word_1_82' title='bbox 555 891 602 916; x_wconf 83' lang='lat' dir='ltr'><strong>ex</strong></span> <span class='ocrx_word' id='word_1_83' title='bbox 627 879 827 917; x_wconf 84' lang='lat' dir='ltr'><strong>adiectivis</strong></span> <span class='ocrx_word' id='word_1_84' title='bbox 852 880 1135 926; x_wconf 84' lang='lat' dir='ltr'><strong>partieipiisque</strong></span> <span class='ocrx_word' id='word_1_85' title='bbox 1185 906 1603 916; x_wconf 91' lang='grc'><strong>........</strong></span> <span class='ocrx_word' id='word_1_86' title='bbox 1771 880 1827 915; x_wconf 93' lang='grc'><strong>57.</strong></span> 
     </span>
     <span class='ocr_line' id='line_1_13' title="bbox 480 938 1827 993; baseline -0.001 -18"><span class='ocrx_word' id='word_1_87' title='bbox 480 956 519 993; x_wconf 68' lang='lat'><strong>7,</strong></span> <span class='ocrx_word' id='word_1_88' title='bbox 550 950 596 975; x_wconf 85' lang='lat' dir='ltr'><strong>ex</strong></span> <span class='ocrx_word' id='word_1_89' title='bbox 621 939 869 975; x_wconf 85' lang='lat' dir='ltr'><strong>substantivis</strong></span> <span class='ocrx_word' id='word_1_90' title='bbox 893 940 1060 985; x_wconf 85' lang='lat' dir='ltr'><strong>pendeat</strong></span> <span class='ocrx_word' id='word_1_91' title='bbox 1126 965 1603 974; x_wconf 90' lang='grc'><strong>.........</strong></span> <span class='ocrx_word' id='word_1_92' title='bbox 1653 940 1698 974; x_wconf 91' lang='grc'><strong>57</strong></span> <span class='ocrx_word' id='word_1_93' title='bbox 1715 958 1752 963; x_wconf 94' lang='grc'>-</span> <span class='ocrx_word' id='word_1_94' title='bbox 1771 938 1827 973; x_wconf 88' lang='grc'><strong>58.</strong></span> 
     </span>
     <span class='ocr_line' id='line_1_14' title="bbox 256 996 1828 1044; baseline 0 -13"><span class='ocrx_word' id='word_1_95' title='bbox 256 996 312 1031; x_wconf 92' lang='grc' dir='ltr'><strong>ΙΙ.</strong></span> <span class='ocrx_word' id='word_1_96' title='bbox 337 997 381 1032; x_wconf 83' lang='lat' dir='ltr'><strong>de</strong></span> <span class='ocrx_word' id='word_1_97' title='bbox 400 998 641 1042; x_wconf 77' lang='lat' dir='ltr'><strong>perveniendo</strong></span> <span class='ocrx_word' id='word_1_98' title='bbox 665 1010 778 1044; x_wconf 77' lang='lat' dir='ltr'><strong>usque</strong></span> <span class='ocrx_word' id='word_1_99' title='bbox 803 999 853 1034; x_wconf 81' lang='lat' dir='ltr'><strong>ad</strong></span> <span class='ocrx_word' id='word_1_100' title='bbox 876 1000 983 1042; x_wconf 77' lang='lat' dir='ltr'><strong>finem</strong></span> <span class='ocrx_word' id='word_1_101' title='bbox 1006 1002 1209 1043; x_wconf 57' lang='lat' dir='ltr'><strong>usurpatur</strong></span> <span class='ocrx_word' id='word_1_102' title='bbox 1244 1024 1251 1032; x_wconf 91' lang='lat'>.</span> <span class='ocrx_word' id='word_1_103' title='bbox 1302 1025 1310 1032; x_wconf 89' lang='lat'><strong>.</strong></span> <span class='ocrx_word' id='word_1_104' title='bbox 1359 1004 1369 1032; x_wconf 89' lang='grc'><strong>’.</strong></span> <span class='ocrx_word' id='word_1_105' title='bbox 1421 1025 1429 1032; x_wconf 96' lang='grc'><strong>.</strong></span> <span class='ocrx_word' id='word_1_106' title='bbox 1480 1025 1488 1033; x_wconf 91' lang='grc'><strong>.</strong></span> <span class='ocrx_word' id='word_1_107' title='bbox 1538 1025 1546 1032; x_wconf 93' lang='grc'><strong>.</strong></span> <span class='ocrx_word' id='word_1_108' title='bbox 1595 1024 1604 1033; x_wconf 95' lang='grc'><strong>.</strong></span> <span class='ocrx_word' id='word_1_109' title='bbox 1654 998 1699 1032; x_wconf 90' lang='grc'><strong>58</strong></span> <span class='ocrx_word' id='word_1_110' title='bbox 1718 1015 1755 1021; x_wconf 97' lang='grc'>-</span> <span class='ocrx_word' id='word_1_111' title='bbox 1771 996 1828 1031; x_wconf 95' lang='grc'><strong>70.</strong></span> 
     </span>
     <span class='ocr_line' id='line_1_15' title="bbox 341 1054 1828 1100; baseline -0.001 -11"><span class='ocrx_word' id='word_1_112' title='bbox 341 1066 375 1089; x_wconf 86' lang='lat' dir='ltr'><strong>a.</strong></span> <span class='ocrx_word' id='word_1_113' title='bbox 400 1055 497 1098; x_wconf 84' lang='lat' dir='ltr'><strong>,‚ad“</strong></span> <span class='ocrx_word' id='word_1_114' title='bbox 522 1056 569 1090; x_wconf 93' lang='lat' dir='ltr'><strong>de</strong></span> <span class='ocrx_word' id='word_1_115' title='bbox 596 1057 852 1100; x_wconf 87' lang='lat' dir='ltr'><strong>perveniendo</strong></span> <span class='ocrx_word' id='word_1_116' title='bbox 876 1057 923 1092; x_wconf 84' lang='lat' dir='ltr'><strong>ad</strong></span> <span class='ocrx_word' id='word_1_117' title='bbox 950 1058 1092 1092; x_wconf 80' lang='lat' dir='ltr'><strong>certum</strong></span> <span class='ocrx_word' id='word_1_118' title='bbox 1118 1057 1231 1092; x_wconf 87' lang='lat' dir='ltr'><strong>finem</strong></span> <span class='ocrx_word' id='word_1_119' title='bbox 1304 1081 1605 1092; x_wconf 91' lang='grc'><strong>......</strong></span> <span class='ocrx_word' id='word_1_120' title='bbox 1654 1056 1700 1090; x_wconf 91' lang='grc'><strong>58</strong></span> <span class='ocrx_word' id='word_1_121' title='bbox 1715 1075 1756 1079; x_wconf 94' lang='grc'><strong>-</strong></span> <span class='ocrx_word' id='word_1_122' title='bbox 1772 1054 1828 1089; x_wconf 92' lang='grc'><strong>61.</strong></span> 
     </span>
     <span class='ocr_line' id='line_1_16' title="bbox 412 1112 1827 1163; baseline 0 -16"><span class='ocrx_word' id='word_1_123' title='bbox 412 1112 443 1148; x_wconf 93' lang='grc'><strong>1.</strong></span> <span class='ocrx_word' id='word_1_124' title='bbox 469 1124 555 1148; x_wconf 86' lang='lat' dir='ltr'><strong>cum</strong></span> <span class='ocrx_word' id='word_1_125' title='bbox 579 1125 626 1150; x_wconf 85' lang='lat' dir='ltr'><strong>ex</strong></span> <span class='ocrx_word' id='word_1_126' title='bbox 645 1113 768 1150; x_wconf 88' lang='lat' dir='ltr'><strong>verbis</strong></span> <span class='ocrx_word' id='word_1_127' title='bbox 786 1114 1026 1161; x_wconf 84' lang='lat' dir='ltr'><strong>properandi,</strong></span> <span class='ocrx_word' id='word_1_128' title='bbox 1050 1113 1285 1161; x_wconf 85' lang='lat' dir='ltr'><strong>erumpendi,</strong></span> <span class='ocrx_word' id='word_1_129' title='bbox 1310 1114 1375 1150; x_wconf 85' lang='lat' dir='ltr'><strong>all.</strong></span> <span class='ocrx_word' id='word_1_130' title='bbox 1400 1114 1566 1163; x_wconf 75' lang='lat' dir='ltr'><strong>pendeat</strong></span> <span class='ocrx_word' id='word_1_131' title='bbox 1596 1139 1606 1149; x_wconf 87' lang='lat'><em>.</em></span> <span class='ocrx_word' id='word_1_132' title='bbox 1654 1113 1699 1149; x_wconf 89' lang='grc'><strong>58</strong></span> <span class='ocrx_word' id='word_1_133' title='bbox 1716 1132 1756 1138; x_wconf 92' lang='grc'>-</span> <span class='ocrx_word' id='word_1_134' title='bbox 1771 1113 1827 1148; x_wconf 90' lang='grc'><strong>60.</strong></span> 
     </span>
     <span class='ocr_line' id='line_1_17' title="bbox 410 1171 1827 1218; baseline -0.001 -12"><span class='ocrx_word' id='word_1_135' title='bbox 410 1171 443 1207; x_wconf 93' lang='grc'><strong>2.</strong></span> <span class='ocrx_word' id='word_1_136' title='bbox 468 1183 553 1207; x_wconf 85' lang='lat' dir='ltr'><strong>cum</strong></span> <span class='ocrx_word' id='word_1_137' title='bbox 578 1173 808 1218; x_wconf 86' lang='lat' dir='ltr'><strong>praepositio</strong></span> <span class='ocrx_word' id='word_1_138' title='bbox 832 1173 1035 1208; x_wconf 87' lang='lat' dir='ltr'><strong>transitum</strong></span> <span class='ocrx_word' id='word_1_139' title='bbox 1061 1173 1102 1208; x_wconf 88' lang='lat' dir='ltr'><strong>in</strong></span> <span class='ocrx_word' id='word_1_140' title='bbox 1125 1185 1263 1208; x_wconf 84' lang='lat' dir='ltr'><strong>novum</strong></span> <span class='ocrx_word' id='word_1_141' title='bbox 1289 1174 1430 1209; x_wconf 82' lang='lat' dir='ltr'><strong>statum</strong></span> <span class='ocrx_word' id='word_1_142' title='bbox 1462 1173 1606 1208; x_wconf 81' lang='lat' dir='ltr'><strong>indicet</strong></span> <span class='ocrx_word' id='word_1_143' title='bbox 1770 1171 1827 1206; x_wconf 90' lang='lat'><strong>60.</strong></span> 
     </span>
     <span class='ocr_line' id='line_1_18' title="bbox 410 1229 1826 1277; baseline 0.001 -13"><span class='ocrx_word' id='word_1_144' title='bbox 410 1230 443 1265; x_wconf 87' lang='lat'><strong>3.</strong></span> <span class='ocrx_word' id='word_1_145' title='bbox 470 1241 554 1266; x_wconf 83' lang='lat' dir='ltr'><strong>cum</strong></span> <span class='ocrx_word' id='word_1_146' title='bbox 579 1231 811 1277; x_wconf 83' lang='lat' dir='ltr'><strong>praepositio</strong></span> <span class='ocrx_word' id='word_1_147' title='bbox 835 1231 995 1277; x_wconf 83' lang='lat' dir='ltr'><strong>gradum</strong></span> <span class='ocrx_word' id='word_1_148' title='bbox 1021 1230 1211 1277; x_wconf 82' lang='lat' dir='ltr'><strong>significet</strong></span> <span class='ocrx_word' id='word_1_149' title='bbox 1241 1256 1604 1266; x_wconf 92' lang='grc'><strong>.......</strong></span> <span class='ocrx_word' id='word_1_150' title='bbox 1653 1230 1755 1266; x_wconf 88' lang='grc'><strong>60-</strong></span> <span class='ocrx_word' id='word_1_151' title='bbox 1770 1229 1826 1265; x_wconf 91' lang='grc'><strong>61.</strong></span> 
     </span>
     <span class='ocr_line' id='line_1_19' title="bbox 339 1288 1827 1334; baseline 0 -11"><span class='ocrx_word' id='word_1_152' title='bbox 339 1288 375 1323; x_wconf 89' lang='lat' dir='ltr'><strong>b.</strong></span> <span class='ocrx_word' id='word_1_153' title='bbox 403 1289 498 1331; x_wconf 88' lang='lat' dir='ltr'><strong>„ad“</strong></span> <span class='ocrx_word' id='word_1_154' title='bbox 523 1300 603 1324; x_wconf 89' lang='lat' dir='ltr'><strong>rem</strong></span> <span class='ocrx_word' id='word_1_155' title='bbox 628 1289 677 1325; x_wconf 89' lang='lat' dir='ltr'><strong>ad</strong></span> <span class='ocrx_word' id='word_1_156' title='bbox 703 1289 820 1325; x_wconf 88' lang='lat' dir='ltr'><strong>aliam</strong></span> <span class='ocrx_word' id='word_1_157' title='bbox 844 1290 1035 1334; x_wconf 89' lang='lat' dir='ltr'><strong>pertinere</strong></span> <span class='ocrx_word' id='word_1_158' title='bbox 1060 1290 1206 1325; x_wconf 87' lang='lat' dir='ltr'><strong>indicat</strong></span> <span class='ocrx_word' id='word_1_159' title='bbox 1244 1316 1603 1326; x_wconf 91' lang='grc'><strong>.......</strong></span> <span class='ocrx_word' id='word_1_160' title='bbox 1654 1289 1697 1324; x_wconf 94' lang='grc'><strong>61</strong></span> <span class='ocrx_word' id='word_1_161' title='bbox 1715 1289 1827 1324; x_wconf 86' lang='grc'><strong>-64.</strong></span> 
     </span>
     <span class='ocr_line' id='line_1_20' title="bbox 416 1346 1827 1383; baseline 0 -3"><span class='ocrx_word' id='word_1_162' title='bbox 416 1346 448 1383; x_wconf 93' lang='grc'><strong>1.</strong></span> <span class='ocrx_word' id='word_1_163' title='bbox 475 1346 522 1382; x_wconf 86' lang='lat' dir='ltr'><strong>de</strong></span> <span class='ocrx_word' id='word_1_164' title='bbox 548 1346 722 1383; x_wconf 87' lang='lat' dir='ltr'><strong>addendo</strong></span> <span class='ocrx_word' id='word_1_165' title='bbox 746 1347 795 1383; x_wconf 87' lang='lat' dir='ltr'><strong>acl</strong></span> <span class='ocrx_word' id='word_1_166' title='bbox 820 1359 900 1383; x_wconf 90' lang='lat' dir='ltr'><strong>rem</strong></span> <span class='ocrx_word' id='word_1_167' title='bbox 925 1347 1065 1383; x_wconf 86' lang='lat' dir='ltr'><strong>dicitur</strong></span> <span class='ocrx_word' id='word_1_168' title='bbox 1126 1372 1603 1383; x_wconf 86' lang='grc'><strong>.........</strong></span> <span class='ocrx_word' id='word_1_169' title='bbox 1652 1346 1695 1381; x_wconf 90' lang='grc'><strong>61</strong></span> <span class='ocrx_word' id='word_1_170' title='bbox 1712 1366 1755 1370; x_wconf 91' lang='grc'><strong>-</strong></span> <span class='ocrx_word' id='word_1_171' title='bbox 1771 1346 1827 1381; x_wconf 88' lang='grc'><strong>62.</strong></span> 
     </span>
     <span class='ocr_line' id='line_1_21' title="bbox 410 1405 1827 1443; baseline 0 -3"><span class='ocrx_word' id='word_1_172' title='bbox 410 1405 443 1440; x_wconf 87' lang='grc'><strong>2.</strong></span> <span class='ocrx_word' id='word_1_173' title='bbox 468 1417 549 1441; x_wconf 88' lang='lat' dir='ltr'><strong>rem</strong></span> <span class='ocrx_word' id='word_1_174' title='bbox 575 1417 660 1441; x_wconf 85' lang='lat' dir='ltr'><strong>eum</strong></span> <span class='ocrx_word' id='word_1_175' title='bbox 685 1406 761 1442; x_wconf 81' lang='lat' dir='ltr'><strong>alia</strong></span> <span class='ocrx_word' id='word_1_176' title='bbox 785 1406 825 1441; x_wconf 92' lang='lat' dir='ltr'><strong>in</strong></span> <span class='ocrx_word' id='word_1_177' title='bbox 850 1406 1120 1443; x_wconf 84' lang='lat' dir='ltr'><strong>communitate</strong></span> <span class='ocrx_word' id='word_1_178' title='bbox 1145 1418 1226 1443; x_wconf 88' lang='lat' dir='ltr'><strong>esse</strong></span> <span class='ocrx_word' id='word_1_179' title='bbox 1301 1431 1602 1441; x_wconf 94' lang='grc'><strong>......</strong></span> <span class='ocrx_word' id='word_1_180' title='bbox 1770 1405 1827 1440; x_wconf 90' lang='grc'><strong>62.</strong></span> 
     </span>
     <span class='ocr_line' id='line_1_22' title="bbox 411 1464 1827 1509; baseline 0 -11"><span class='ocrx_word' id='word_1_181' title='bbox 411 1464 444 1499; x_wconf 91' lang='grc'><strong>3.</strong></span> <span class='ocrx_word' id='word_1_182' title='bbox 467 1475 547 1499; x_wconf 91' lang='lat' dir='ltr'><strong>rem</strong></span> <span class='ocrx_word' id='word_1_183' title='bbox 572 1464 622 1499; x_wconf 83' lang='lat' dir='ltr'><strong>ad</strong></span> <span class='ocrx_word' id='word_1_184' title='bbox 647 1464 763 1500; x_wconf 85' lang='lat' dir='ltr'><strong>aliam</strong></span> <span class='ocrx_word' id='word_1_185' title='bbox 787 1464 919 1500; x_wconf 83' lang='lat' dir='ltr'><strong>referri</strong></span> <span class='ocrx_word' id='word_1_186' title='bbox 944 1464 1134 1509; x_wconf 84' lang='lat' dir='ltr'><strong>signifieat</strong></span> <span class='ocrx_word' id='word_1_187' title='bbox 1181 1490 1602 1499; x_wconf 92' lang='grc'><strong>........</strong></span> <span class='ocrx_word' id='word_1_188' title='bbox 1651 1464 1697 1498; x_wconf 86' lang='grc'><strong>62</strong></span> <span class='ocrx_word' id='word_1_189' title='bbox 1711 1483 1754 1487; x_wconf 93' lang='grc'><strong>-</strong></span> <span class='ocrx_word' id='word_1_190' title='bbox 1770 1464 1827 1498; x_wconf 88' lang='grc'><strong>63.</strong></span> 
     </span>
     <span class='ocr_line' id='line_1_23' title="bbox 409 1521 1827 1569; baseline -0.001 -12"><span class='ocrx_word' id='word_1_191' title='bbox 409 1522 444 1559; x_wconf 88' lang='grc'><strong>4.</strong></span> <span class='ocrx_word' id='word_1_192' title='bbox 468 1522 562 1565; x_wconf 86' lang='lat' dir='ltr'><strong>„ad“</strong></span> <span class='ocrx_word' id='word_1_193' title='bbox 588 1534 656 1569; x_wconf 89' lang='lat' dir='ltr'><strong>pro</strong></span> <span class='ocrx_word' id='word_1_194' title='bbox 682 1522 744 1565; x_wconf 87' lang='lat' dir='ltr'><strong>„in</strong></span> <span class='ocrx_word' id='word_1_195' title='bbox 770 1522 896 1568; x_wconf 86' lang='lat' dir='ltr'><strong>Bezug</strong></span> <span class='ocrx_word' id='word_1_196' title='bbox 920 1522 1006 1558; x_wconf 66' lang='lat' dir='ltr'><strong>auf‘</strong></span> <span class='ocrx_word' id='word_1_197' title='bbox 1065 1548 1603 1558; x_wconf 93' lang='grc'><strong>..........</strong></span> <span class='ocrx_word' id='word_1_198' title='bbox 1652 1522 1698 1558; x_wconf 90' lang='grc'><strong>63</strong></span> <span class='ocrx_word' id='word_1_199' title='bbox 1715 1541 1754 1546; x_wconf 94' lang='lat'><strong>—-</strong></span> <span class='ocrx_word' id='word_1_200' title='bbox 1771 1521 1827 1558; x_wconf 77' lang='lat'><strong>64.</strong></span> 
     </span>
     <span class='ocr_line' id='line_1_24' title="bbox 338 1581 1826 1627; baseline -0.001 -11"><span class='ocrx_word' id='word_1_201' title='bbox 338 1592 370 1616; x_wconf 79' lang='lat' dir='ltr'><strong>e.</strong></span> <span class='ocrx_word' id='word_1_202' title='bbox 396 1582 489 1625; x_wconf 85' lang='lat' dir='ltr'><strong>‚‚ad“</strong></span> <span class='ocrx_word' id='word_1_203' title='bbox 515 1593 582 1627; x_wconf 86' lang='lat' dir='ltr'><strong>pro</strong></span> <span class='ocrx_word' id='word_1_204' title='bbox 607 1593 736 1627; x_wconf 83' lang='lat' dir='ltr'><strong>praep.</strong></span> <span class='ocrx_word' id='word_1_205' title='bbox 763 1581 1014 1623; x_wconf 82' lang='lat' dir='ltr'><strong>„seoundum“</strong></span> <span class='ocrx_word' id='word_1_206' title='bbox 1040 1582 1193 1627; x_wconf 88' lang='lat' dir='ltr'><strong>ponitur</strong></span> <span class='ocrx_word' id='word_1_207' title='bbox 1243 1607 1603 1615; x_wconf 90' lang='grc'><strong>.......</strong></span> <span class='ocrx_word' id='word_1_208' title='bbox 1652 1581 1826 1616; x_wconf 86' lang='grc'><strong>64-66.</strong></span> 
     </span>
     <span class='ocr_line' id='line_1_25' title="bbox 340 1639 1826 1685; baseline -0.001 -11"><span class='ocrx_word' id='word_1_209' title='bbox 340 1639 376 1673; x_wconf 91' lang='lat' dir='ltr'><strong>d.</strong></span> <span class='ocrx_word' id='word_1_210' title='bbox 402 1640 449 1675; x_wconf 89' lang='lat' dir='ltr'><strong>de</strong></span> <span class='ocrx_word' id='word_1_211' title='bbox 475 1640 618 1675; x_wconf 78' lang='lat' dir='ltr'><strong>causali</strong></span> <span class='ocrx_word' id='word_1_212' title='bbox 643 1640 682 1675; x_wconf 88' lang='lat' dir='ltr'><strong>vi</strong></span> <span class='ocrx_word' id='word_1_213' title='bbox 706 1640 997 1685; x_wconf 87' lang='lat' dir='ltr'><strong>praepositionis</strong></span> <span class='ocrx_word' id='word_1_214' title='bbox 1068 1666 1604 1674; x_wconf 87' lang='grc'><strong>..........</strong></span> <span class='ocrx_word' id='word_1_215' title='bbox 1652 1641 1697 1675; x_wconf 92' lang='grc'><strong>67</strong></span> <span class='ocrx_word' id='word_1_216' title='bbox 1713 1660 1754 1665; x_wconf 84' lang='grc'>-</span> <span class='ocrx_word' id='word_1_217' title='bbox 1770 1639 1826 1675; x_wconf 90' lang='grc'><strong>68.</strong></span> 
     </span>
     <span class='ocr_line' id='line_1_26' title="bbox 340 1698 1826 1743; baseline -0.001 -10"><span class='ocrx_word' id='word_1_218' title='bbox 340 1708 372 1733; x_wconf 88' lang='lat' dir='ltr'><strong>e.</strong></span> <span class='ocrx_word' id='word_1_219' title='bbox 396 1698 627 1743; x_wconf 87' lang='lat' dir='ltr'><strong>praepositio</strong></span> <span class='ocrx_word' id='word_1_220' title='bbox 650 1698 792 1743; x_wconf 85' lang='lat' dir='ltr'><strong>pendet</strong></span> <span class='ocrx_word' id='word_1_221' title='bbox 816 1709 862 1734; x_wconf 87' lang='lat' dir='ltr'><strong>ex</strong></span> <span class='ocrx_word' id='word_1_222' title='bbox 889 1699 1015 1734; x_wconf 88' lang='lat' dir='ltr'><strong>verbis</strong></span> <span class='ocrx_word' id='word_1_223' title='bbox 1041 1698 1187 1734; x_wconf 85' lang='lat' dir='ltr'><strong>ferendi</strong></span> <span class='ocrx_word' id='word_1_224' title='bbox 1213 1698 1265 1734; x_wconf 81' lang='lat' dir='ltr'><strong>all</strong></span> <span class='ocrx_word' id='word_1_225' title='bbox 1271 1723 1606 1733; x_wconf 87' lang='lat'><strong>.......</strong></span> <span class='ocrx_word' id='word_1_226' title='bbox 1655 1698 1826 1732; x_wconf 89' lang='grc'><strong>69-70.</strong></span> 
     </span>
     <span class='ocr_line' id='line_1_27' title="bbox 347 1755 1826 1802; baseline 0.001 -13"><span class='ocrx_word' id='word_1_227' title='bbox 347 1755 372 1790; x_wconf 88' lang='lat' dir='ltr'><strong>f.</strong></span> <span class='ocrx_word' id='word_1_228' title='bbox 398 1756 445 1792; x_wconf 91' lang='lat' dir='ltr'><strong>de</strong></span> <span class='ocrx_word' id='word_1_229' title='bbox 470 1757 640 1792; x_wconf 81' lang='lat' dir='ltr'><strong>formulis</strong></span> <span class='ocrx_word' id='word_1_230' title='bbox 665 1757 943 1802; x_wconf 86' lang='lat' dir='ltr'><strong>praepositione</strong></span> <span class='ocrx_word' id='word_1_231' title='bbox 970 1757 1064 1798; x_wconf 82' lang='lat' dir='ltr'><strong>„ad“</strong></span> <span class='ocrx_word' id='word_1_232' title='bbox 1091 1757 1307 1802; x_wconf 83' lang='lat' dir='ltr'><strong>compositis</strong></span> <span class='ocrx_word' id='word_1_233' title='bbox 1363 1782 1604 1791; x_wconf 94' lang='grc'><strong>.....</strong></span> <span class='ocrx_word' id='word_1_234' title='bbox 1770 1757 1826 1791; x_wconf 88' lang='grc'><strong>70.</strong></span> 
     </span>
    </p>
   </div>
   <div class='ocr_carea' id='block_1_3' title="bbox 196 1824 1825 1871">
    <p class='ocr_par' dir='ltr' id='par_1_3' title="bbox 196 1824 1825 1871">
     <span class='ocr_line' id='line_1_28' title="bbox 196 1824 1825 1871; baseline 0.001 -11"><span class='ocrx_word' id='word_1_235' title='bbox 196 1824 253 1860; x_wconf 85' lang='lat' dir='ltr'><strong>De</strong></span> <span class='ocrx_word' id='word_1_236' title='bbox 279 1824 548 1862; x_wconf 79' lang='lat' dir='ltr'><strong>collocatione</strong></span> <span class='ocrx_word' id='word_1_237' title='bbox 573 1826 883 1871; x_wconf 80' lang='lat' dir='ltr'><strong>praepositionis</strong></span> <span class='ocrx_word' id='word_1_238' title='bbox 909 1826 1223 1871; x_wconf 84' lang='lat' dir='ltr'><strong>supplementum</strong></span> <span class='ocrx_word' id='word_1_239' title='bbox 1302 1852 1603 1861; x_wconf 91' lang='grc'><strong>......</strong></span> <span class='ocrx_word' id='word_1_240' title='bbox 1653 1828 1698 1862; x_wconf 86' lang='grc'><strong>70</strong></span> <span class='ocrx_word' id='word_1_241' title='bbox 1713 1847 1753 1852; x_wconf 89' lang='lat'><strong>-—</strong></span> <span class='ocrx_word' id='word_1_242' title='bbox 1771 1827 1825 1863; x_wconf 81' lang='lat'><strong>72.</strong></span> 
     </span>
    </p>
   </div>
  </div>
 </body>
</html>
