2071 3219
863 94 1150 138 -56-

190 224 264 280 qui
294 224 350 266 sit
377 224 523 276 dassivi,
556 224 601 267 in
624 224 825 268 Historiis
846 228 989 268 aufem
1007 225 1199 267 dativum
1218 239 1315 267 raro
1334 225 1661 282 praepositionis
1685 225 1825 268 locum

191 294 372 349 explere,
402 294 449 336 iu
471 294 643 349 seriptis
662 295 898 337 minoribus
918 309 1169 348 numquam3
1199 294 1253 338 ef.
1276 294 1480 350 Draeger,
1503 295 1642 347 Ueber
1662 294 1826 350 Syntax

191 362 279 406 und
309 361 390 406 Stil
425 363 498 407 des
535 363 708 407 Tacitus
745 380 787 420 p.
835 365 892 407 68
935 369 979 407 et
1021 364 1076 407 69
1109 366 1152 406 et
1183 364 1375 419 exempla
1417 379 1527 419 quae
1557 364 1825 408 Bettieherus

153 461 156 463 -
192 448 232 489 p.
267 433 351 475 142
383 435 427 476 et
459 434 542 475 143
574 434 767 478 contulit.

312 515 352 556 4.
384 513 649 570 Praepositio
679 517 872 571 sequitur
902 519 998 572 post
1027 517 1153 558 verba
1174 513 1337 557 dandi:
1371 513 1482 557 dare
1515 514 1594 561 ad:
1626 516 1671 557 in
1702 515 1757 561 H.
1790 516 1824 568 Ι,

191 585 263 637 25,
288 586 313 627 5
334 585 438 628 data
449 587 634 640 pecunia
654 587 712 629 ad
726 587 1064 644 pertemptandos
1075 586 1272 640 plurium
1292 587 1471 638 animos‚·
1502 586 1581 638 ΙΙΙ,
1613 587 1682 637 55,
1714 587 1740 628 6
1768 587 1827 629 ad

192 656 389 698 tuendam
418 656 571 698 urbem.
614 653 806 697 tradere
839 654 897 698 ad
928 657 973 697 in
1004 656 1058 699 H.
1088 655 1170 706 IV,
1205 656 1274 706 51,
1309 656 1358 696 11
1394 656 1453 698 ad
1482 656 1643 709 reliqua
1662 679 1712 685 —
1733 656 1827 698 belli

183 726 486 779 perpetranda.
543 724 770 779 praebere
804 724 861 768 ad
901 727 945 768 in
986 726 1036 768 A.
1070 725 1185 777 XIV,
1233 726 1272 777 5,
1320 726 1346 766 2
1378 730 1530 768 noctem
1564 749 1610 755 —
1647 727 1826 780 quietam

192 796 314 850 quasi
343 797 662 839 convincendum
693 797 750 839 ad
779 796 887 840 selus
918 797 981 840 dii
1012 797 1255 850 praebuere.
1291 805 1460 853 emere,
1492 793 1718 839 emereari
1746 793 1824 838 ad:

193 866 237 906 in
269 866 321 908 A.
353 865 473 917 XIII,
508 868 547 917 5,
582 868 607 907 2
640 867 698 908 ad
728 881 898 909 causam
926 868 1131 909 orandam
1162 867 1343 909 mercede
1365 871 1592 918 emeretur,·
1615 865 1732 917 XVI,
1756 867 1826 916 32,

193 938 219 979 9
251 940 410 990 emptus
440 937 499 980 ad
527 938 844 990 opprimendum
873 939 1079 988 amicum,·
1111 937 1208 988 XII,
1236 938 1301 987 14,
1335 938 1362 978 4
1383 938 1614 979 exuendam
1632 938 1690 979 ad
1701 937 1828 990 fidem

192 1006 322 1049 hostes
351 1008 566 1049 emercari.
627 1007 704 1049 His
734 1007 932 1062 exemplis
964 1007 1228 1062 perspicuum
1264 1010 1345 1056 est,
1378 1021 1506 1062 quam
1546 1010 1635 1049 arte
1676 1005 1828 1048 cohae-

192 1079 286 1118 reat
316 1076 572 1131 significatio
603 1078 934 1131 praepositionis,
974 1091 1082 1131 quae
1113 1069 1176 1117 est
1210 1091 1288 1117 «zu
1319 1079 1414 1118 etw.
1448 1077 1675 1132 gebracht»
1689 1108 1699 1127 ,
1732 1089 1825 1117 eum

193 1145 313 1188 finali
344 1145 433 1188 eius
464 1146 516 1190 vi.

314 1226 353 1273 5.
386 1226 489 1271 Posi)
518 1227 724 1271 nonnulla
754 1228 838 1271 alia
868 1228 1008 1281 verba,
1040 1243 1147 1284 quae
1178 1227 1484 1285 significatione
1511 1228 1674 1271 diversa
1704 1231 1828 1271 sunt:

195 1307 372 1352 vocare,
389 1296 447 1340 ad
476 1299 521 1340 in
553 1298 606 1342 A.
638 1299 716 1350 ΠΙ,
750 1300 819 1350 56,
855 1300 908 1340 15
941 1300 999 1341 ad
1029 1299 1323 1352 capessendum
1358 1300 1432 1341 hoc
1470 1313 1631 1341 munus.
1666 1324 1721 1329 -—
1755 1308 1827 1340 re-

194 1365 404 1422 linquere
437 1366 494 1410 ad
523 1369 567 1411 in
599 1369 655 1414 H.
688 1368 765 1419 III,
798 1371 853 1411 32
868 1402 878 1421 ,
911 1370 936 1411 8
968 1370 1026 1412 ad
1055 1369 1348 1412 exstruendum
1377 1370 1737 1423 amphitheatrum.
1776 1393 1824 1398 —-

196 1435 439 1481 obstinere
474 1436 532 1481 ad
563 1439 607 1481 in
637 1439 692 1481 H.
724 1439 796 1492 II,
823 1440 893 1491 84,
926 1440 951 1481 8
983 1440 1040 1483 ad
1069 1439 1313 1494 optinendas
1350 1440 1603 1495 iniquitates.
1653 1437 1723 1482 uti
1755 1436 1829 1481 ad:

196 1509 242 1550 in
272 1508 326 1550 D.
359 1510 431 1559 40,
466 1510 492 1550 4
515 1495 580 1552 'ad
609 1511 866 1552 incessendos
889 1510 1243 1563 principes'viros
1275 1532 1328 1539 —
1353 1510 1597 1563 plausibus;
1619 1509 1734 1559 XIV,
1758 1511 1827 1561 23,

198 1579 224 1620 2
256 1583 413 1623 terrore
442 1580 500 1622 ad
520 1603 576 1610 —-
595 1580 835 1634 occupanda
870 1580 1179 1635 Tiyranocerta.
1205 1603 1257 1610 —
1279 1576 1382 1621 usui
1409 1590 1520 1622 esse
1550 1580 1595 1622 in
1627 1579 1680 1624 A.
1713 1579 1829 1630 XVI,

199 1650 268 1701 19,
304 1650 357 1691 15
389 1650 447 1692 ad
473 1650 672 1703 facienda
693 1650 900 1704 pericula.
943 1659 1190 1703 superesse
1236 1647 1295 1690 ad
1339 1649 1385 1690 in
1425 1649 1479 1691 H.
1520 1649 1579 1701 Π,
1614 1650 1653 1700 4,
1690 1650 1744 1690 14
1775 1650 1831 1692 ad

195 1719 437 1762 tolerandas
464 1720 732 1779 necessitates.
767 1729 880 1774 opus
913 1728 1020 1761 esse
1051 1719 1097 1761 in
1129 1718 1182 1763 D.
1216 1720 1285 1771 31,
1321 1720 1341 1761 1
1375 1720 1433 1762 ad
1462 1720 1536 1763 hoc
1549 1715 1829 1773 efficiendum5

198 1789 253 1833 H.
285 1788 328 1841 Ι,
362 1789 415 1831 77
430 1822 440 1841 ,
478 1790 505 1831 2
549 1790 606 1832 ad
635 1789 934 1844 capessendam
956 1790 1231 1844 principatus
1257 1790 1483 1845 fortunam.
1544 1786 1750 1844 indigere
1773 1786 1831 1831 ad

196 1860 241 1901 in
272 1859 325 1903 A.
358 1859 433 1912 VI,
466 1860 538 1912 52,
571 1862 620 1901 21
658 1861 716 1903 ad
746 1861 1057 1903 internoscenda
1091 1885 1142 1890 -
1176 1861 1314 1904 utilia.
1374 1858 1569 1903 mutuari
1604 1858 1661 1903 ad
1692 1861 1735 1903 in
1775 1860 1828 1904 D.
1882 1886 1893 1897 ·

199 1931 269 1983 31,
301 1932 357 1973 26
388 1931 446 1979 ad
464 1931 536 1974 hos
558 1932 853 1985 permovendos
879 1931 1163 1975 mutuabimur
1185 1956 1234 1961 —-
1260 1932 1373 1976 locos.
1398 1956 1443 1963 —
1464 1929 1609 1986 figere
1633 1930 1691 1974 ad
1712 1932 1756 1974 in
1779 1931 1828 1974 A.

198 2001 276 2053 HI,
293 2003 364 2053 63,
384 2002 438 2043 15
458 2004 588 2056 fiyere
618 2017 719 2044 aera
748 2003 1002 2045 sacrandam
1023 2003 1081 2044 ad
1100 1999 1352 2045 meritoriam.
1370 2005 1599 2057 —rapere
1624 2001 1682 2044 ad
1709 2003 1752 2051 in
1774 2002 1829 2046 H.
1898 2043 1900 2045 ,

197 2071 277 2125 ΠΙ,
309 2072 350 2125 6,
385 2073 406 2114 1
432 2076 603 2127 pamm
633 2072 814 2127 equitum
844 2072 901 2116 ad
930 2072 1210 2116 invadendam
1240 2072 1426 2116 Italiam.
1453 2082 1505 2115 se
1529 2069 1751 2126 expedire
1774 2069 1832 2114 ad

199 2143 242 2184 in
275 2142 326 2185 A.
359 2141 475 2195 XIV,
510 2143 581 2195 36,
616 2143 668 2185 12
702 2143 764 2185 ita
793 2157 837 2186 se
872 2143 929 2185 ad
958 2142 1230 2198 intorquenda
1258 2142 1349 2197 pila
1386 2142 1638 2198 expedierat.
1676 2168 1723 2173 —-
1760 2152 1831 2186 eo-

199 2211 291 2255 niti
323 2212 381 2255 ad
410 2215 455 2255 in
487 2214 538 2256 A.
571 2214 664 2265 XV,
699 2215 769 2264 66,
815 2215 840 2254 8
872 2215 929 2255 ad
958 2214 1274 2256 convincendum
1305 2228 1409 2255 eum.
1433 2238 1488 2243 —-
1515 2212 1694 2254 certare
1733 2210 1831 2266 811¹)

200 2283 245 2327 in
276 2283 328 2327 A.
361 2283 396 2337 I,
430 2285 498 2336 71,
533 2286 558 2327 5
590 2285 649 2327 ad
679 2284 915 2338 supplenda
952 2285 1155 2327 exercitus
1190 2284 1370 2336 damna,
1414 2283 1482 2338 (cf.
1522 2284 1573 2326 de
1614 2284 1695 2326 hoc
1742 2284 1831 2325 loco

201 2354 341 2397 Hand.
364 2355 497 2412 Ture.
530 2355 564 2407 I,
598 2371 637 2411 p.
675 2356 757 2396 119
791 2356 834 2396 et
865 2353 1040 2395 inferius
1072 2369 1110 2409 p.
1145 2355 1231 2405 64).
1256 2378 1300 2383 -
1324 2351 1589 2408 conquirere
1613 2350 1670 2395 ad
1700 2353 1744 2396 in
1776 2352 1829 2395 A.

201 2425 295 2476 XV,
329 2426 399 2475 56,
432 2426 458 2467 8
489 2440 627 2468 omnes
656 2427 715 2467 ad
753 2440 845 2468 eum
880 2426 1198 2478 opprimendum
1236 2428 1359 2467 artes.
1400 2448 1453 2453 —
1486 2422 1672 2477 volgare
1697 2421 1754 2464 ad
1786 2423 1828 2464 in

201 2494 255 2539 H.
276 2494 311 2548 I,
335 2496 403 2548 34,
427 2496 453 2539 9
475 2497 534 2540 ad
562 2497 811 2541 evocandum
833 2495 1015 2540 Galbam
1044 2495 1164 2539 laeta.
1189 2520 1245 2526 —-
1267 2491 1479 2538 comitari
1510 2492 1568 2538 ad
1597 2495 1642 2537 in
1666 2493 1715 2538 A.
1739 2493 1831 2544 XV,

202 2567 271 2617 53,
309 2566 360 2607 15
392 2567 607 2609 comitante
638 2567 825 2610 Antonia
862 2590 908 2596 —
943 2567 1004 2610 ,ad
1032 2566 1278 2608 eliciendum
1306 2566 1417 2622 volyi
1448 2564 1652 2621 favorem.
1698 2590 1741 2595 —
1783 2565 1826 2610 A.

202 2636 317 2688 XIV,
351 2639 421 2689 38,
453 2640 478 2680 2
510 2639 584 2681 sub
606 2639 785 2692 pellibus
813 2639 980 2681 habitus
1010 2642 1069 2680 est
1109 2639 1183 2680 ad
1222 2640 1442 2690 reliqna
1482 2639 1605 2680 belle:
1635 2648 1832 2689 perpe-

202 2708 426 2752 tranda.
487 2706 538 2750 A.
572 2707 690 2761 XIII,
724 2708 793 2760 38,
829 2708 882 2751 15
915 2709 961 2751 in
983 2707 1208 2763 planitiem
1232 2708 1528 2764 porriyebatur
1558 2708 1632 2751 ad
1659 2707 1832 2761 expli-

202 2780 414 2821 candas
443 2781 694 2832 equitum
724 2785 960 2822 turmas.
1021 2779 1073 2821 A.
1106 2779 1145 2830 I,
1179 2780 1230 2820 41
1245 2811 1255 2830 ,
1292 2781 1341 2821 11
1376 2781 1452 2822 ad
1467 2765 1831 2822 'conciliarum

328 2906 353 2952 ¹)
380 2906 435 2944 ef.
460 2907 506 2944 H.
532 2908 579 2955 11,
604 2908 661 2952 42,
691 2909 734 2945 15
758 2910 800 2944 in
824 2913 986 2945 eventum
1009 2909 1122 2945 totius
1147 2908 1226 2944 belli
1250 2910 1442 2944 certabant.
