2071 3219
888 99 1173 143 „29-

219 242 393 270 manum
421 228 570 279 habet,
602 228 629 269 i.
661 243 695 270 c.
728 229 793 270 ita
822 228 974 279 habet,
1005 232 1055 271 nt
1084 229 1280 272 manibus
1321 229 1447 272 facile
1477 230 1667 286 adripere
1699 231 1846 286 possit,

217 312 268 340 ea
297 297 336 340 ei
367 298 411 341 in
443 301 641 355 promptu
673 300 788 342 sunt.
849 298 901 341 In
931 298 1011 342 hoc
1041 299 1173 357 igitur
1208 299 1430 344 enuntiato
1460 315 1583 343 usum
1625 301 1845 357 praeposi-

218 368 347 411 tionis
376 368 466 410 inre
499 369 551 410 ad
583 369 625 410 id
656 383 790 425 genus
820 369 975 411 referre
1005 383 1246 425 possumus,
1288 385 1373 425 quo
1423 372 1526 413 ‹ad›
1567 386 1641 423 pro
1677 373 1841 427 ‹apud›

219 441 458 495 usurpatur.
521 438 761 482 Vernacula
792 439 940 496 lingua
969 440 1145 483 eundem
1167 456 1306 486 ,usum
1346 440 1516 484 exhibet
1557 441 1601 484 in
1645 442 1844 486 formula:

220 523 274 551 an
305 509 380 550 der
410 508 536 551 Hand
568 509 720 552 haben.
782 509 881 552 Alia
911 509 1038 551 huius
1070 510 1183 552 vocis
1214 512 1407 567 exempla
1437 512 1621 553 contulit
1652 512 1845 554 Handius

218 580 260 620 in
294 579 414 621 Turs.
447 579 481 630 I,
514 595 553 634 p.
586 581 656 625 91.

405 726 441 760 c.
480 708 605 772 „Ad“
643 725 724 774 pro
762 710 1091 774 praepositione
1128 691 1303 775 „apuffl‘
1341 711 1653 761 substituitur.

338 826 407 878 Iis,
440 841 547 882 quae
578 827 701 870 modo
731 828 1005 870 tractavimus
1037 829 1237 884 exemplis
1269 830 1354 870 iam
1385 829 1615 871 indicatum
1648 833 1725 882 est,
1759 846 1844 886 qua

219 898 384 939 ratione
427 898 479 938 ad
518 897 633 939 hunc
674 913 818 949 usum,
862 901 910 939 ut
955 899 1057 940 «ad»
1102 899 1158 940 sit
1187 914 1263 954 pro
1299 900 1461 953 «apud»
1498 903 1745 954 perventum
1775 903 1842 943 sit.

219 968 331 1011 Nam
362 968 491 1010 etiam
521 968 600 1011 hac
630 969 674 1011 in
705 983 749 1011 re
780 968 1062 1025 incipiendum
1094 972 1158 1011 est
1189 984 1214 1012 a
1235 969 1371 1026 prima
1391 969 1711 1025 significatione,
1735 987 1844 1027 qnae

219 1041 283 1079 est
313 1038 567 1090 directionis,
600 1039 667 1080 cui
698 1039 896 1080 miscetur
926 1040 1121 1090 secunda,
1156 1042 1203 1081 ut
1234 1039 1480 1082 habeamus:
1514 1042 1761 1095 pervenitur
1791 1044 1844 1085 ad

218 1110 354 1151 locum
386 1124 527 1151 versus
558 1112 601 1151 et
630 1109 824 1165 tangitur
853 1109 968 1151 locus
999 1124 1042 1151 re
1073 1109 1445 1165 adpropinquanti.
1506 1110 1667 1153 Deinde
1703 1114 1841 1155 autem
1894 1165 1897 1168 ἢ

217 1180 268 1222 de
300 1180 674 1236 adpropinquando
705 1180 823 1222 nulla
854 1180 1033 1236 amplius
1063 1180 1284 1236 cogitatio,
1317 1183 1443 1235 atque
1485 1181 1526 1222 id
1573 1185 1740 1225 tantum
1782 1198 1845 1224 re-

219 1251 407 1306 spicitur,
441 1265 530 1292 rem
563 1252 628 1292 vel
658 1252 795 1292 locum
828 1252 882 1293 ab
913 1252 996 1293 alia
1017 1266 1062 1292 re
1082 1252 1202 1307 tangi
1224 1252 1311 1293 sive.
1341 1251 1382 1292 in
1417 1252 1633 1293 vicinitate
1654 1252 1733 1293 loci
1753 1268 1839 1295 rem

219 1321 383 1362 versari.
394 1320 431 1375 1)
464 1321 600 1370 Quare
631 1322 882 1377 putaverim,
914 1337 1002 1364 non
1033 1322 1113 1364 nisi
1143 1336 1238 1364 cum
1269 1322 1442 1364 verbum
1486 1322 1681 1364 movendi
1722 1327 1842 1367 ante-

217 1392 390 1444 cederet,
403 1391 540 1447 primo
559 1392 663 1434 «ad»
682 1406 757 1448 pro
773 1392 1079 1448 praepositione
1098 1393 1257 1448 «apud»
1279 1392 1478 1434 substitui
1497 1393 1693 1447 potuisse,
1715 1393 1778 1435 ita
1795 1397 1843 1435 ut

216 1463 406 1516 exempla
419 1463 563 1503 eadem
579 1462 739 1503 ratione
753 1465 998 1516 comparata
1014 1466 1154 1503 essent
1168 1465 1296 1516 atque
1308 1463 1350 1503 in
1369 1462 1422 1504 H.
1435 1462 1513 1513 III,
1532 1464 1602 1514 50,
1620 1464 1842 1506 1411111711.-

214 1547 314 1576 vum
333 1532 545 1576 Fortunae
574 1532 652 1574 iter
671 1532 831 1580 sistunt,
864 1546 973 1587 quae
995 1531 1121 1574 verba
1141 1531 1202 1573 ita
1223 1531 1481 1588 expedienda
1505 1536 1616 1584 sunt,
1650 1535 1698 1575 ut
1727 1533 1842 1589 cogi-

156 1615 161 1619 ’
216 1606 371 1645 temus:
404 1602 457 1644 ad
488 1601 535 1644 F.
568 1602 614 1645 F.
647 1602 796 1643 itinere
826 1605 1019 1657 suscepto
1044 1602 1130 1644 'iter
1150 1602 1398 1653 consistunt,
1429 1602 1486 1644 ibi
1517 1608 1841 1645 commorantur.

215 1673 388 1730 Semper
399 1676 541 1715 autem
554 1673 795 1724 tenendum,
809 1674 1072 1715 contractum
1083 1674 1124 1714 et
1133 1672 1254 1728 quasi
1265 1675 1531 1729 amputatum
1543 1672 1706 1715 dicendi
1723 1689 1841 1716 usum

215 1760 317 1788 esse.
327 1745 360 1799 2)
392 1768 448 1774 —
481 1743 617 1793 Quam
648 1743 728 1785 sibi
759 1746 1005 1786 constarent
1036 1744 1257 1799 scriptores
1300 1743 1490 1786 historici
1520 1744 1565 1785 in
1596 1758 1666 1795 eo,
1699 1748 1840 1786 utrum

336 1861 364 1907 ¹)
388 1861 448 1898 Ita
473 1860 589 1897 etiam
615 1860 761 1897 Pottius
786 1860 825 1895 in
850 1860 1013 1907 Etymol.
1038 1859 1240 1906 Forschgn.
1267 1860 1294 1902 I,
1321 1872 1358 1906 p.
1383 1860 1452 1896 276
1477 1862 1517 1897 et
1535 1860 1666 1897 Holtze
1689 1861 1729 1897 in
1751 1861 1842 1908 Syn-

215 1921 295 1957 taxi
319 1920 524 1966 priscorum
550 1920 773 1966 scriptorum
798 1919 920 1955 Latin.
946 1920 974 1961 1,
999 1931 1036 1965 p.
1062 1920 1129 1954 201
1148 1920 1247 1954 hunc
1263 1930 1371 1954 usum
1388 1922 1651 1965 exposuerunt,
1676 1921 1739 1956 hic
1757 1932 1842 1956 cum

218 1980 337 2015 dicat:
362 1979 602 2025 Siyniftcatur
621 1979 892 2025 praepositione
917 1978 1009 2014 ‹aa›
1036 1979 1145 2022 laeua,
1169 1978 1233 2013 ubi
1257 1989 1313 2014 res
1334 1982 1417 2023 post
1441 1983 1576 2014 motum
1599 1979 1754 2025 aliquem
1778 1985 1843 2015 aut

216 2050 254 2074 re
276 2049 360 2074 vera
381 2039 521 2084 factum
544 2041 609 2073 aut
634 2037 740 2083 quasi
773 2038 895 2082 faetus
928 2033 1015 2072 esset
1047 2035 1244 2082 cogitanda
1279 2039 1340 2071 est.
1367 2055 1411 2061 —
1438 2035 1599 2077 Causae,
1636 2048 1730 2082 quas
1757 2037 1842 2073 For·

216 2097 389 2134 cellinius
414 2096 487 2142 (ed.
514 2095 708 2133 corradini
736 2095 842 2141 1864)
867 2095 906 2131 in
933 2095 1069 2132 Lexico
1093 2106 1121 2131 s.
1149 2107 1184 2132 v.
1208 2093 1256 2130 ad
1282 2095 1459 2142 protulit,
1494 2097 1537 2132 ut
1561 2095 1713 2142 proprie
1736 2107 1842 2143 prae-

216 2156 439 2202 positionem
467 2156 560 2191 «ad»
588 2156 746 2190 eandem
782 2166 861 2190 esse
894 2166 1007 2199 quam
1041 2153 1186 2198 «apud»
1212 2153 1304 2198 (apd
1338 2154 1419 2189 sive
1443 2154 1537 2198 abd,
1572 2154 1655 2199 ad),
1688 2156 1842 2190 demon-

216 2216 365 2256 straret,
389 2214 445 2250 ita
461 2216 505 2255 ut
521 2213 706 2260 exempla,
730 2213 770 2249 in
789 2213 926 2259 quibus
952 2212 1043 2248 ‹ad›
1062 2224 1131 2258 pro
1149 2212 1293 2258 ‹apud›
1312 2212 1478 2258 positum
1495 2214 1604 2254 esset,
1621 2212 1841 2259 primariam

215 2272 529 2319 significationem
557 2272 711 2309 voculae
736 2271 984 2313 continerent,
1010 2271 1121 2307 facile
1147 2270 1242 2306 dilui
1267 2275 1431 2316 possunt.
1481 2271 1579 2307 Nam
1604 2272 1703 2317 quod
1727 2272 1845 2308 verba

215 2343 419 2377 numquam
445 2343 529 2367 cum
554 2330 831 2377 praepositione
859 2330 1002 2375 «apud»
1039 2330 1105 2366 sed
1141 2341 1210 2376 pro
1242 2341 1288 2365 ea
1320 2341 1403 2365 cum
1434 2329 1713 2375 praepositione
1747 2330 1840 2365 ‹ad›

215 2391 497 2437 componuntur,
521 2388 618 2425 nihil
643 2389 711 2425 hoc
739 2387 837 2424 effici
862 2388 997 2432 potest,
1022 2389 1173 2434 praeter
1197 2387 1296 2433 quod
1321 2387 1467 2429 Latini,
1493 2395 1577 2421 omn
1596 2385 1688 2421 ‹ad›
1714 2385 1841 2429 sig-ni-

215 2445 435 2482 ficationem
452 2444 758 2490 praepositionis
790 2443 932 2488 ‹apud›
961 2443 1117 2480 ratione
1136 2453 1257 2488 supra
1281 2443 1455 2480 indicata
1473 2444 1776 2492 adsumpsisset,
1801 2446 1840 2482 in

214 2505 479 2553 componendis
505 2505 630 2542 verbis
655 2505 761 2541 illam
788 2504 913 2551 potius
937 2515 1006 2550 pro
1028 2504 1099 2540 hac
1125 2504 1283 2539 duarum
1309 2504 1541 2550 syllabarum
1565 2504 1843 2550 praepositione

215 2566 493 2611 praeferebant.
517 2564 623 2609 Quod
648 2566 776 2601 autem
796 2562 970 2600 nonnulli
994 2562 1066 2600 loci
1083 2575 1128 2600 ex
1152 2574 1320 2600 sermone
1342 2563 1492 2609 vulgari
1516 2563 1841 2610 inscriptionibus-

215 2637 288 2671 que
312 2624 504 2670 desumpti
540 2625 690 2665 extant,
726 2623 767 2659 in
804 2623 939 2669 quibus
974 2622 1119 2668 «apud»
1153 2633 1222 2669 pro
1248 2623 1341 2658 ‹ad›
1380 2624 1602 2668 usurpatum
1639 2623 1709 2664 sit,
1746 2622 1842 2659 vitio

215 2684 369 2728 linguae
393 2682 564 2728 plebeiae
590 2682 731 2719 factum
755 2684 822 2724 est,
850 2681 947 2718 sicut
971 2681 1087 2718 etiam
1111 2681 1152 2716 in
1170 2681 1380 2717 meridiana
1396 2681 1620 2718 Germaniae
1637 2683 1747 2727 parte
1772 2681 1842 2716 usi-

215 2741 444 2778 tatissimum
470 2743 528 2777 est
552 2741 592 2776 in
618 2752 786 2777 sermone
811 2739 973 2786 vulgari,
1008 2742 1050 2776 ut
1074 2739 1304 2785 praepositio
1331 2739 1436 2775 «bei»
1463 2751 1548 2775 cum
1575 2751 1662 2774 «zu»
1689 2739 1842 2775 confun-

215 2801 339 2843 datur,
362 2812 395 2836 e.
418 2812 449 2835 c.
474 2800 600 2836 komm
624 2800 687 2836 bei
712 2799 821 2834 mich.
847 2798 1020 2835 Ceterum
1038 2799 1184 2834 Pettius
1202 2798 1227 2833 l.
1246 2797 1270 2833 l.
1289 2811 1325 2844 p.
1344 2799 1412 2833 509
1438 2798 1553 2834 aliam
1577 2810 1657 2834 esse
1674 2798 1841 2834 radicem

214 2858 504 2904 praepositionis
531 2859 675 2903 «apud»
703 2869 815 2902 qnam
841 2857 1130 2903 praepositionis
1157 2857 1249 2892 ‹ad›
1276 2856 1368 2893 satis
1393 2858 1653 2903 comprobasse
1678 2856 1840 2892 videtur.

335 2915 362 2962 ²)
386 2915 504 2952 Recte
528 2915 647 2961 igitur
672 2915 942 2957 Rudimannus,
969 2915 1060 2950 Inst.
1086 2925 1142 2959 gr.
1167 2914 1235 2949 lat.
1261 2913 1307 2956 11,
1333 2926 1371 2959 p.
1396 2915 1466 2949 282
1492 2915 1524 2949 si
1548 2914 1737 2962 originem
1753 2925 1841 2948 usus
