2071 3219
911 55 1175 116 -gss-

227 206 310 255 est,
357 202 475 246 nullo
518 203 609 246 loco
646 202 841 245 Tacitum
887 203 1101 259 scripsisse
1150 218 1427 259 «componere
1474 200 1702 257 epistulas
1727 201 1759 258 ¹)
1806 203 1859 245 ad

227 273 454 329 aliquem.»
489 298 547 306 -

345 344 536 385 Verbum
565 341 720 385 (licere
753 342 809 385 ad
841 342 1039 397 aliquem
1070 359 1121 385 ex
1151 358 1229 384 usu
1261 344 1435 385 Taciteo
1479 358 1565 385 non
1612 346 1695 385 est:
1728 358 1858 385 unum

225 416 395 457 tantum
428 414 666 469 exemplum
697 413 742 456 in
776 414 827 457 H.
858 414 937 465 III,
970 414 1040 466 24,
1073 415 1099 456 9
1132 413 1283 468 reperi,
1316 412 1389 456 ubi
1419 414 1572 457 omisso
1594 414 1719 455 verbo
1739 413 1859 469 lega-

228 488 319 526 tur:
344 485 480 537 plura
509 485 567 526 ad
598 486 807 536 ternanos,
840 500 895 526 sc.
927 484 1046 526 dixit.
1110 484 1174 525 De
1206 484 1288 525 alio
1319 498 1398 525 usu
1419 484 1547 526 huius
1578 484 1787 544 enuntiati
1817 499 1856 527 V.

227 555 306 598 sub
338 553 380 597 C.
412 553 469 607 H,
504 553 543 599 d.
581 579 634 584 —

345 624 425 667 Sed
457 627 505 666 ut
536 625 590 667 ad
620 626 824 667 vocabula
855 625 1059 678 epistulae
1089 624 1269 679 aliaque,
1302 624 1365 666 ita
1394 624 1521 667 etiam
1555 624 1607 665 ad
1640 625 1858 676 vocabula,

226 710 334 750 quae
365 698 468 737 sunt
501 692 734 737 «nuntius»
770 697 813 736 et
847 705 1048 748 «preces»
1083 695 1339 749 praepositio
1372 694 1540 735 additur
1554 726 1565 744 ,
1603 694 1715 748 quod
1757 709 1858 736 con-

225 766 399 808 firmant
429 765 622 821 exempla
664 765 707 806 in
753 764 807 807 H.
849 764 933 817 IV,
968 765 1022 807 86
1038 798 1047 816 ,
1093 766 1118 807 3
1150 766 1317 809 occultis
1355 765 1411 807 ad
1454 764 1660 809 Cerialem
1698 766 1860 808 nuntiis

221 837 348 890 fidem
369 837 459 879 eius
488 837 777 890 temptavisse;
812 835 866 877 A.
900 835 1018 887 XIII,
1051 838 1091 886 9,
1129 837 1148 877 1
1174 840 1343 890 uterque
1374 836 1431 878 ad
1456 836 1689 890 Voloyesem
1723 849 1861 890 reyem

225 907 390 948 nuntiis
420 906 659 959 monebant‚·
688 905 744 958 ΙΙ,
778 907 847 957 30,
886 907 937 948 17
961 910 1166 949 extremas
1178 920 1324 959 preces
1346 906 1397 948 P.
1422 906 1614 960 Quirinio
1620 906 1861 960 propi-nque

228 991 303 1019 suo
333 977 392 1019 ad
413 978 655 1030 principem
687 978 915 1018 mandavit.
960 976 1214 1018 Insolentior
1246 976 1325 1019 hoc
1356 978 1446 1017 loco
1480 977 1700 1017 verborum
1730 977 1859 1018 collo·

227 1045 339 1088 catio
371 1060 497 1088 sensu
528 1048 764 1096 excusatur,
797 1060 892 1089 cum
923 1046 980 1088 ad
1002 1047 1255 1100 principem,
1288 1061 1396 1101 quae
1428 1046 1555 1088 verba
1581 1044 1860 1088 sententiolae

227 1120 273 1159 ut
302 1120 491 1159 senatum
522 1120 685 1171 royaret
718 1116 780 1169 (in
812 1131 845 1160 c.
870 1116 939 1167 31,
976 1115 1018 1171 l)
1050 1118 1338 1172 opponuntur,
1372 1130 1466 1157 cum
1498 1115 1539 1157 vi
1570 1115 1778 1158 dicantur.
1805 1140 1860 1145 —

229 1187 293 1229 De
324 1186 637 1242 praepositione
673 1201 867 1228 ‹versus›
903 1201 941 1228 V.
975 1186 1113 1231 Greef.
1146 1202 1185 1242 p.
1211 1187 1240 1228 5‘
1268 1189 1311 1229 et
1341 1187 1392 1228 cf.
1427 1186 1477 1231 G.
1512 1187 1580 1237 44,
1610 1188 1635 1228 6
1659 1186 1862 1229 Suionum

228 1257 324 1301 hinc
353 1257 551 1310 civitates,
584 1257 691 1300 sitae
722 1257 766 1300 in
788 1256 1002 1300 Oceanum.
1040 1283 1092 1287 —

349 1328 399 1369 In
431 1327 497 1369 his
524 1328 658 1384 igitur
685 1328 1047 1383 praepositionem
1070 1343 1145 1383 pro
1167 1328 1305 1383 prima
1326 1328 1636 1384 significatione
1667 1327 1863 1383 usurpari

230 1398 460 1443 clarissime
501 1401 698 1456 apparet:
742 1399 825 1441 iam
870 1412 1096 1455 pergamus
1140 1399 1191 1441 ad
1232 1414 1349 1451 eam,
1392 1414 1519 1455 quam
1557 1398 1740 1441 secundo
1773 1398 1862 1441 loco

229 1471 471 1526 ponendam
503 1470 740 1512 statuimus.

589 1612 631 1662 b.
668 1611 732 1660 De
768 1611 1066 1676 perveniendo
1105 1612 1162 1661 ad
1198 1627 1294 1661 rem
1331 1611 1505 1662 dicitur.

349 1727 488 1771 Multo
519 1728 704 1772 crebrior
734 1728 803 1771 hic
834 1743 933 1771 usus
965 1731 1028 1771 est
1057 1743 1118 1780 eo,
1151 1729 1202 1771 de
1233 1743 1317 1783 quo
1359 1728 1482 1771 modo
1524 1728 1719 1771 diximus.
1783 1728 1862 1770 Sed

228 1800 265 1841 si
298 1801 491 1841 accurate
522 1799 846 1850 consideramus,
880 1801 972 1841 tum
1003 1799 1049 1841 in
1091 1799 1142 1842 iis
1178 1813 1347 1854 quoque
1378 1799 1480 1842 locis
1495 1832 1505 1850 ,
1547 1814 1651 1855 quos
1692 1799 1744 1841 ad
1785 1798 1865 1840 hoc

230 1885 365 1927 genus
395 1869 627 1922 referimus,
662 1870 962 1927 distinguenda
984 1872 1049 1913 est
1071 1870 1225 1927 duplex
1246 1869 1506 1926 significatio
1527 1869 1863 1927 praepositionis,

232 1956 343 1996 quae
372 1956 423 1982 ex
454 1955 502 1982 eo
532 1941 701 1995 pendet,
733 1944 878 1982 utrum
908 1942 1120 1982 sententia
1150 1941 1219 1991 sit,
1252 1956 1341 1983 rem
1372 1941 1460 1982 sive
1490 1941 1706 1982 hominem
1732 1955 1864 1994 usque

235 2011 287 2053 ad
317 2011 458 2054 locum
488 2012 727 2067 pervenisse
749 2027 803 2055 an
825 2027 991 2055 cursum
1013 2014 1182 2055 tantum
1203 2012 1316 2055 hunc
1336 2012 1475 2055 locum
1504 2027 1647 2055 versus
1668 2011 1865 2062 tenuisse,

235 2097 363 2138 quem
393 2085 733 2137 consequeretur.
797 2082 866 2124 Sic
897 2082 1079 2138 exempli
1109 2097 1237 2124 causa
1263 2082 1487 2125 discrimen
1514 2082 1737 2125 intercedit
1757 2082 1868 2123 inter

235 2153 612 2210 praepositionem,
656 2168 765 2208 quae
808 2156 873 2195 est
913 2154 958 2195 in
994 2153 1228 2195 sententia:
1271 2154 1348 2195 ‹ad
1391 2157 1556 2209 patrem
1599 2153 1866 2210 proficiscens

236 2224 485 2267 interfectus
515 2226 606 2266 est»
641 2226 684 2265 et
716 2238 844 2279 quam
874 2223 1055 2280 legimus
1088 2223 1134 2265 in
1167 2222 1323 2266 verbis:
1360 2224 1439 2267 ‹ad
1470 2227 1634 2280 patrem
1655 2223 1867 2279 profectus

238 2298 346 2346 est»,
392 2309 653 2349 quamquam
686 2294 942 2349 praepositio
982 2294 1028 2335 in
1060 2297 1239 2349 utraque
1276 2294 1492 2336 sententia
1533 2294 1644 2336 idem
1685 2293 1868 2349 primum

238 2365 421 2408 valebat.
487 2364 599 2415 Quin
630 2380 744 2408 nunc
775 2365 925 2416 etiam,
963 2365 999 2407 si
1030 2365 1139 2407 ratio
1180 2366 1455 2422 grammatica
1497 2365 1731 2422 respicitur,
1773 2380 1867 2408 cum

242 2437 348 2477 ‹ad›
383 2436 428 2477 in
460 2427 595 2477 altera
627 2436 841 2478 sententia
878 2450 966 2477 non
1010 2435 1093 2477 nisi
1135 2451 1211 2491 per
1246 2436 1511 2478 decurtatam
1552 2436 1717 2478 dicendi
1759 2435 1869 2476 viam

240 2522 317 2563 pro
350 2522 509 2561 «usque
541 2507 619 2548 ad»
655 2509 903 2562 usurpatum
925 2506 983 2548 sit
1008 2530 1052 2536 -
1082 2506 1133 2547 de
1155 2522 1239 2561 quo
1260 2522 1388 2563 supra
1415 2507 1594 2549 vidimus
1619 2531 1669 2537 -
1694 2507 1869 2548 eandem

239 2578 594 2634 significationem
626 2578 766 2620 habet.
813 2577 965 2632 Itaque
996 2592 1091 2619 cum
1122 2592 1172 2619 ex
1202 2578 1305 2634 ipsis
1325 2579 1460 2629 rebus,
1493 2592 1601 2633 quae
1628 2579 1868 2626 narrantur,

240 2649 341 2707 solis
372 2648 570 2705 cognosci
599 2649 743 2704 possit,
776 2652 970 2691 nostrum
1002 2651 1142 2691 autem
1174 2649 1241 2700 sit,
1274 2650 1595 2705 grammaticam
1626 2652 1793 2691 tantum
1825 2648 1870 2688 iu

242 2720 323 2761 hac
355 2720 639 2774 disputatione
669 2720 799 2774 sequi,
833 2720 912 2761 hoc
948 2719 1174 2761 discrimen
1205 2720 1249 2761 in
1282 2720 1347 2771 iis,
1380 2735 1488 2774 quae
1519 2720 1603 2761 huc
1640 2720 1869 2774 pertinent,

369 2836 394 2881 ¹)
419 2837 473 2873 De
490 2837 631 2882 plurali
648 2849 802 2873 numero
818 2837 929 2872 huius
947 2838 1131 2879 vocabuli,
1149 2838 1189 2873 in
1207 2849 1279 2882 quo
1297 2838 1449 2874 Tacitus
1466 2837 1678 2882 analogiam
1697 2837 1872 2873 vocabuli

247 2895 425 2933 «literae»
453 2898 600 2934 secutus
626 2898 685 2933 est
710 2896 756 2932 cf.
782 2895 966 2933 W61fflin.
991 2896 1030 2933 in
1055 2896 1189 2934 Philol.
1215 2896 1348 2938 XXVI,
1372 2909 1410 2944 p.
1437 2897 1516 2932 152.
