2071 3219
855 78 1176 120 ·-40-

213 209 286 264 qui
324 207 477 264 eadem,
496 207 718 263 pavebant.
780 203 895 249 levis
930 204 1009 251 ad:
1048 206 1095 249 in
1130 205 1183 252 A.
1216 204 1299 258 XI,
1333 207 1409 259 33,
1440 208 1466 250 2
1498 207 1556 251 ad
1584 206 1751 250 honesta
1779 221 1852 251 seu

205 293 348 334 prava
395 280 517 321 iaxta
559 279 654 330 levi,
702 292 800 333 pro:
842 280 1040 333 prompto
1080 277 1132 319 ad
1182 277 1287 331 hon..
1323 292 1354 318 s,
1399 292 1461 333 pr.
1522 273 1724 319 lubricus
1770 274 1848 319 ad:

212 349 259 390 in
290 348 345 390 H.
378 348 435 400 Π,
471 350 567 400 101,
616 350 641 390 9
673 348 834 390 lubrica
879 348 938 390 ad
981 347 1229 390 mutandam
1270 347 1396 401 fidem
1441 347 1568 390 classe
1612 346 1658 389 ob
1702 360 1849 389 memo-

212 420 326 463 riam
357 420 534 462 reeentis
556 432 639 473 pro
670 418 821 461 Othone
851 417 1041 469 militiae,
1073 416 1115 461 h.
1149 432 1183 460 e.
1217 417 1378 460 lubrica
1408 420 1500 459 erat
1530 417 1584 460 ob
1614 430 1738 461 mem.
1768 430 1849 459 rec.

215 504 278 545 pr.
313 488 416 534 Oth.
450 489 537 531 mil.
572 502 704 543 eoque
735 501 870 542 prona
900 487 951 528 ad
971 487 1233 529 'mutandam
1276 488 1413 532 fidem.
1476 487 1665 529 Heraeus
1704 486 1847 529 vertit:

213 560 333 602 leicht
370 575 426 602 aa
463 560 667 602 verleiten.
726 555 903 600 mobilis
935 556 1011 601 ad:
1054 559 1097 599 in
1130 559 1181 600 A.
1223 559 1264 608 I,
1297 560 1376 609 28,
1409 560 1435 600 9
1473 564 1521 600 ut
1555 563 1652 601 sunt
1687 559 1851 600 mobiles

213 629 271 673 ad
301 630 636 683 superstitionem
658 628 879 683 perculsae
907 628 1031 672 semel
1051 632 1237 681 mentes,
1269 628 1386 671 locus
1417 628 1478 681 61,
1518 628 1569 672 de
1607 642 1690 684 quo
1726 627 1850 670 modo

214 700 410 752 diximus,
443 701 699 743 simillimus.
736 724 787 730 —

332 772 371 814 4.
404 770 486 814 Sed
516 786 602 814 non
634 771 770 814 solum
801 771 836 812 si
867 771 961 825 quis
991 770 1081 826 ipse
1114 770 1167 812 ad
1197 786 1286 812 rem
1318 770 1546 812 inclinatus
1577 772 1664 821 est,
1704 784 1850 811 verum

213 841 342 884 etiam
374 841 410 884 si
440 841 535 897 quis
567 842 698 884 alium
731 854 972 897 permovere
1004 841 1145 884 studet
1176 840 1243 883 vel
1266 840 1446 896 denique
1474 854 1519 882 re
1541 854 1638 882 vera
1660 838 1847 891 adduxit,

214 912 473 967 praepositio
508 913 614 953 «ad»
648 914 891 967 usurpatur.
955 911 1046 961 Quo
1077 912 1122 952 in
1153 926 1233 952 usu
1265 912 1547 953 decedendum
1578 910 1701 952 nobis
1732 912 1798 951 est
1825 925 1851 951 a

213 982 296 1033 via,
328 997 457 1037 quam
490 983 629 1024 adhuc
659 983 791 1025 secuti
813 997 968 1033 sumus,
990 984 1039 1023 ut
1067 982 1380 1037 distinguamus
1405 996 1474 1024 eos
1497 982 1619 1031 locos,
1642 980 1716 1022 ubi
1740 980 1845 1022 «ad»

212 1052 499 1104 directionem,
532 1054 576 1094 et
606 1052 761 1108 quibus
794 1066 1003 1094 accessum
1035 1051 1088 1093 ad
1119 1051 1248 1094 finem
1279 1051 1509 1108 significet,
1541 1065 1641 1093 nam
1681 1050 1849 1094 etiamsi

212 1124 420 1165 nonnulla
452 1124 580 1165 verba
601 1124 701 1174 sint,
734 1138 841 1177 quae
862 1123 946 1165 huc
968 1123 1223 1177 pertineant,
1253 1125 1348 1177 post
1369 1137 1477 1176 quae
1499 1123 1756 1177 praeposit‘m
1776 1125 1851 1163 aut

212 1193 487 1237 directionem
523 1195 709 1245 tantum,
741 1193 782 1236 h.
816 1208 851 1238 e.
884 1194 1143 1250 temptatum
1174 1193 1308 1236 solum
1340 1208 1440 1246 esse,
1473 1195 1522 1235 ut
1552 1192 1645 1249 quis
1676 1192 1730 1235 ad
1760 1207 1848 1235 rem

215 1265 459 1316 adducatur,
493 1267 569 1306 aut
600 1278 811 1306 accessum
842 1278 973 1318 usque
1005 1264 1058 1305 ad
1089 1264 1231 1314 finem,
1264 1264 1305 1305 h.
1337 1278 1373 1307 e.
1405 1264 1679 1318 impetratum
1711 1263 1848 1305 consi-

212 1335 318 1377 lium
349 1334 572 1389 exprimat,
595 1337 738 1376 tamen
760 1334 845 1375 alia
867 1337 979 1386 sunt,
1003 1336 1097 1389 post
1117 1349 1227 1389 quae
1252 1335 1355 1376 «ad»
1382 1334 1587 1375 inserviat
1609 1334 1661 1375 ad
1683 1336 1848 1375 utrum-

212 1419 294 1460 que
325 1404 659 1460 exprimendum.
723 1403 829 1447 Cum
869 1404 1001 1460 igitur
1038 1419 1071 1447 e.
1118 1419 1152 1447 6.
1185 1404 1373 1447 dicatur:
1407 1403 1633 1447 commovit
1666 1404 1846 1447 amicum

213 1475 265 1516 ad
297 1474 522 1530 pecuniam
553 1474 808 1525 solvendam,
841 1488 987 1515 sensus
1026 1477 1115 1515 est:
1157 1477 1412 1517 commotum
1456 1474 1638 1515 amicum
1675 1488 1720 1515 re
1751 1488 1848 1516 vera

210 1545 433 1601 pecuniam
464 1544 659 1595 solvisse3
693 1544 729 1586 si
762 1544 951 1587 additur:
986 1532 1252 1587 61111611111611
1274 1559 1425 1600 pecun.
1457 1544 1556 1586 solv.
1589 1558 1848 1586 commovere

210 1620 380 1658 conatus
420 1620 498 1667 est,
539 1615 826 1670 intellegenda
857 1619 959 1657 sunt
999 1616 1144 1657 verba:
1186 1615 1239 1657 ad
1269 1616 1396 1667 finem
1438 1615 1679 1669 (solvendae
1722 1629 1847 1669 pecu-

212 1685 326 1736 niae)
357 1687 607 1740 perventum
638 1699 725 1727 non
755 1699 857 1730 esse.
895 1684 1047 1740 Itaque
1079 1699 1174 1727 cum
1206 1699 1370 1740 semper
1391 1699 1442 1727 ex
1472 1699 1583 1727 nexu
1614 1684 1848 1727 sententia-

212 1770 308 1797 rum
348 1755 532 1811 pendeat
546 1788 555 1806 ,
599 1756 769 1810 qualem
806 1755 1162 1811 significationem
1205 1758 1303 1811 post
1341 1756 1485 1798 eadem
1517 1756 1643 1810 verba
1674 1755 1848 1798 diversis

213 1826 312 1868 locis
344 1814 482 1881 posita
514 1826 772 1880 praepositio
803 1825 959 1868 habeat
980 1826 1187 1880 simulque
1209 1840 1263 1867 ne
1283 1826 1494 1877 divellam,
1517 1830 1623 1880 quae
1645 1827 1735 1867 tam
1757 1828 1848 1867 arte

213 1896 327 1938 inter
357 1910 400 1938 se
431 1909 591 1938 conexa
621 1895 727 1948 sint,
769 1895 811 1937 in
844 1895 924 1938 hoc
955 1895 1101 1938 ordine
1132 1895 1353 1938 discrimen
1394 1896 1499 1938 illud
1539 1894 1851 1952 neglegendum

215 1980 306 2008 esse
337 1965 568 2008 arbitratus
598 1980 704 2007 sum.

332 2033 506 2079 hortari
535 2034 614 2078 ad:
647 2036 693 2079 in
724 2036 778 2079 H.
809 2036 888 2088 III,
920 2038 960 2089 9,
994 2038 1051 2080 25
1083 2038 1141 2080 ad
1171 2038 1459 2081 transitionem
1469 2052 1482 2088 ,·
1514 2036 1591 2089 IV,
1626 2037 1694 2088 39,
1719 2036 1775 2078 14
1794 2037 1852 2079 ad

213 2107 505 2162 capessendam
525 2121 614 2150 rem
635 2107 874 2162 pablieam;
904 2107 956 2151 A.
978 2106 1035 2159 Π,
1059 2107 1128 2159 27,
1163 2108 1217 2149 10
1248 2108 1306 2150 ad
1335 2108 1482 2151 laecum
1502 2112 1541 2151 et
1560 2121 1630 2151 aes
1650 2107 1852 2160 alienum,-

214 2178 293 2229 ΙΠ,
328 2179 395 2228 12,
431 2178 484 2219 15
516 2178 545 2231 †
575 2178 633 2219 ad
662 2179 834 2220 eandem
864 2178 1055 2229 laborem,
1087 2179 1259 2220 eandem
1287 2180 1579 2226 constantiam
1611 2177 1708 2228 XII,
1731 2178 1801 2228 46,
1823 2179 1849 2218 2

216 2249 275 2293 ad
316 2248 590 2292 sanciendam
627 2249 788 2303 foedas.
830 2274 889 2280 —
920 2245 1161 2292 adhortari
1192 2246 1272 2292 ad:
1302 2249 1347 2291 in
1377 2248 1431 2292 H.
1464 2248 1543 2301 HI,
1576 2249 1649 2302 61,
1682 2249 1709 2291 3
1740 2247 1853 2291 nullo

215 2321 262 2362 in
292 2319 442 2361 bellum
472 2319 737 2370 adhortante,
780 2319 923 2361 maltis
953 2318 1011 2361 ad
1041 2319 1351 2371 transitionem,
1384 2319 1458 2360 ubi
1488 2318 1602 2360 haud
1631 2318 1756 2360 facile
1786 2317 1850 2360 di-

219 2389 431 2432 versitatis
475 2389 837 2444 praepositionum
877 2404 1004 2431 causa
1044 2389 1175 2430 statui
1217 2392 1357 2444 potest
1397 2393 1565 2444 praeter
1607 2389 1852 2431 variationis

218 2473 414 2502 amorem.
455 2455 690 2501 cohortari
722 2456 799 2503 ad:
837 2459 882 2502 in
915 2459 970 2502 H.
1003 2459 1046 2511 Ι,
1081 2460 1161 2512 83,
1193 2460 1219 2502 9
1250 2460 1279 2515 †
1308 2460 1366 2504 ad
1394 2460 1606 2514 virtutem;
1647 2458 1692 2501 in
1722 2458 1778 2504 H.
1821 2458 1850 2504 l.

220 2530 297 2582 IV,
329 2530 399 2582 45,
431 2531 457 2572 9
490 2533 633 2573 autem
664 2531 862 2587 legimus:
894 2535 1061 2574 senatus
1080 2532 1309 2574 consultam
1336 2546 1413 2586 qao
1434 2531 1697 2575 Seniensium
1709 2531 1852 2586 plebes

219 2602 520 2645 modestiae
559 2602 973 2655 admoneretur,
1005 2618 1133 2658 quam
1164 2618 1215 2647 ex
1245 2603 1335 2659 ipso
1357 2606 1528 2646 senatus
1557 2602 1747 2645 consulto
1778 2602 1851 2645 de-

220 2675 437 2727 sumptam
453 2686 543 2722 esse
560 2673 787 2715 dictionem
803 2674 1062 2725 crediderim,
1095 2688 1194 2715 nam
1215 2674 1370 2730 scripta
1391 2673 1562 2730 publica
1583 2672 1760 2729 antiqua
1780 2672 1851 2715 diu

219 2743 489 2786 retinuerunt
508 2746 551 2785 et
571 2743 760 2786 dativum
779 2760 876 2786 cum
898 2745 1034 2787 verbis
1054 2745 1255 2788 hortandi
1276 2746 1548 2788 coniunctum
1569 2744 1853 2799 antiquiorem

219 2812 385 2856 dicendi
416 2826 541 2855 usum
572 2827 661 2855 esse
693 2814 763 2856 vix
794 2814 1086 2867 dubitandum,
1119 2815 1165 2857 si
1186 2815 1270 2858 alia
1301 2830 1605 2872 comparamus,
1627 2815 1679 2858 de
1700 2814 1851 2870 quibus

220 2899 258 2928 V.
291 2883 469 2926 inferius
500 2898 542 2938 p.
575 2884 645 2929 44.
690 2883 863 2928 moveri
900 2884 976 2928 ad:
1018 2887 1062 2929 in
1105 2886 1160 2932 H.
1192 2886 1268 2938 IV,
1302 2889 1351 2938 3,
1388 2889 1441 2930 13
1472 2889 1592 2931 motis
1621 2888 1678 2930 ad
1706 2887 1852 2930 bellam
