2071 3219
882 116 1174 159 -45-

215 245 297 288 tati
326 245 513 299 cuidam,
556 260 611 287 ne
641 245 780 288 dicam
810 245 989 288 inertiae
1019 244 1238 301 cogitandi
1278 243 1503 287 tribuenda
1533 243 1714 297 videtur,
1758 259 1841 301 qua

216 317 384 358 interna
414 317 541 368 ratio,
587 331 696 371 quae
724 317 836 357 inter
865 316 1058 358 notiones
1087 315 1321 356 intercedat
1352 329 1541 369 quaeque
1572 316 1738 357 casibus
1768 330 1841 356 ex-

217 386 437 440 primenda
467 389 571 437 erat,
604 400 692 427 non
713 385 948 428 accuratius
979 384 1241 440 perspicitur,
1272 384 1343 426 sed
1374 385 1531 426 auxilio
1563 385 1841 440 praepositio—

217 471 332 509 num,
365 470 474 511 quae
505 459 723 498 externam
754 457 810 507 et,
842 457 890 496 ut
919 455 982 496 ita
1002 455 1151 505 dicam,
1182 454 1337 496 realem
1365 455 1614 497 relationem
1635 454 1839 505 indicant,

213 527 351 582 logico
383 541 576 568 connexu
606 526 832 567 notionum
863 526 1011 567 relicto
1042 525 1372 579 circumscriptio
1403 526 1654 580 praefertur.
1700 525 1841 574 Quare

208 597 388 639 -dubium
420 611 502 638 non
535 600 611 649 est,
644 596 747 652 quin
777 596 847 639 hic
876 611 978 639 usus
1010 610 1086 652 pro
1107 595 1410 651 depravatione
1440 596 1613 652 linguae
1645 595 1841 638 habenda

215 667 282 720 sit,
315 667 471 723 quippe
504 681 586 722 quo
617 682 642 709 a
666 667 942 723 profundiore,
958 666 1198 723 cognitione
1220 665 1408 718 rationis,
1442 681 1551 722 quae
1572 668 1684 709 inter
1704 667 1840 709 notio-

206 754 289 779 nes
320 742 524 788 versatur,
557 738 610 778 ad
641 741 858 779 externam
890 752 939 779 ac
970 738 1167 779 leviorem
1199 738 1488 781 descendatur.
1536 737 1672 779 Simul
1694 737 1841 791 sequi-

215 811 305 860 tur,
351 822 435 863 quo
466 807 632 864 longius
662 807 809 864 lingua
839 809 979 850 aetate
1011 806 1279 863 processerit,
1326 807 1422 863 plus
1453 807 1656 850 momenti
1686 807 1842 850 habere

216 878 562 934 praepositiones.
597 877 744 918 Multis
775 877 860 917 iam
891 877 1005 928 locis,
1040 878 1111 931 qui
1144 877 1415 928 antecedunt,
1447 877 1499 918 de
1529 877 1610 918 hoc
1640 892 1718 918 usu
1748 890 1840 917 mo-

215 963 314 991 nere
344 948 458 991 haud
490 947 674 990 alienum
704 947 873 999 fuisset,
917 947 953 990 si
995 948 1167 990 omnino
1209 950 1401 990 nostrum
1442 949 1552 989 esset
1590 947 1641 990 de
1677 947 1839 1003 origine

214 1019 365 1059 talium
396 1018 656 1060 locutionum
690 1018 922 1072 disputare,
966 1033 1080 1060 nunc
1112 1020 1274 1069 autem,
1317 1032 1412 1060 cum
1444 1018 1494 1059 de
1525 1033 1574 1060 eo
1604 1033 1684 1060 usu
1715 1033 1840 1073 prae-

215 1088 431 1143 positionis
465 1089 570 1130 «ad»
606 1089 792 1130 dicturus
823 1088 919 1139 sim,
968 1089 1041 1130 ubi
1082 1086 1269 1130 finalem
1304 1085 1421 1144 Vim,
1463 1088 1506 1132 h.
1539 1103 1574 1131 e.
1607 1089 1681 1130 ubi
1712 1088 1840 1130 finem

215 1159 300 1200 sive
332 1158 552 1201 consilium
584 1158 755 1214 aliquod
785 1159 890 1215 peti,
932 1174 1019 1201 non
1050 1158 1160 1201 effici
1191 1161 1318 1215 atque
1349 1158 1585 1215 impetrari,
1618 1158 1839 1215 exprimat,

215 1230 251 1271 si
282 1230 474 1284 exempla
505 1230 825 1281 consideramus,
858 1231 996 1272 brevis
1027 1231 1102 1272 illa
1133 1230 1369 1272 observatio
1391 1229 1703 1285 praemittenda
1733 1233 1837 1271 erat.

332 1314 367 1341 a.
400 1298 512 1342 Nam
543 1313 724 1355 magnus
760 1299 946 1342 locorum
987 1314 1186 1342 numerus
1227 1299 1443 1341 invenitur
1485 1299 1596 1354 apud
1629 1298 1838 1350 Tacitum,

214 1371 287 1424 qui
317 1371 379 1412 ita
406 1364 642 1424 ⁷comparati
673 1373 785 1421 sunt,
817 1373 866 1411 ut
898 1371 1153 1424 praepositio
1183 1370 1353 1423 quidem
1383 1370 1503 1411 finali
1534 1370 1575 1411 vi
1606 1370 1746 1423 posita
1772 1370 1839 1420 sit,

213 1442 355 1484 tamen
386 1441 434 1483 ut
464 1455 540 1496 pro
570 1439 750 1496 simplici
781 1439 925 1483 dativo
956 1439 1157 1496 scriptam
1187 1454 1280 1483 eam
1313 1454 1399 1484 esse
1430 1439 1751 1496 intellegamus,
1782 1440 1840 1483 si-

214 1510 386 1566 mulque
428 1510 695 1567 perspicuum
737 1510 812 1562 sit,
854 1510 1027 1552 finalem
1067 1510 1185 1552 illam
1226 1509 1579 1566 significationem
1620 1523 1672 1551 ex
1717 1510 1839 1552 locali

213 1582 421 1635 originem
450 1583 613 1626 ducere.
674 1582 786 1623 Nam
818 1582 1063 1636 primariam
1094 1582 1140 1623 in
1170 1582 1237 1623 his
1267 1582 1395 1623 fuisse
1425 1582 1537 1622 viam
1568 1582 1730 1622 dicendi
1749 1596 1840 1623 cre-

213 1650 388 1693 diderim
418 1651 622 1704 dativum,
654 1651 727 1706 qui
758 1654 932 1694 vocatur
962 1651 1181 1693 commodi.
1243 1651 1350 1693 Tum
1389 1653 1557 1702 autem,
1601 1665 1695 1692 cum
1739 1653 1839 1692 ante

212 1722 351 1762 oculos
385 1725 504 1773 esset,
537 1722 722 1777 vulgaris
757 1722 830 1763 ille
870 1736 993 1774 usus,
1033 1736 1116 1776 quo
1156 1722 1280 1763 locali
1321 1736 1448 1762 sensu
1489 1721 1743 1776 praepositio
1787 1722 1841 1763 ad

214 1791 386 1833 verbum
419 1792 651 1842 accedebat,
684 1792 788 1834 haec
816 1792 938 1844 ratio,
971 1807 1080 1846 quae
1110 1791 1245 1834 obiter
1274 1794 1443 1833 tantum
1464 1792 1678 1833 internam
1699 1792 1839 1833 notio-

212 1875 314 1903 num
345 1862 596 1905 relationem
626 1862 779 1918 tangit,
812 1862 945 1905 valuit
980 1866 1022 1905 et
1058 1862 1368 1918 praepositione
1408 1861 1839 1905 circumscribebatur.

212 1931 385 1989 Semper
415 1933 460 1975 in
492 1934 593 1976 loeis
623 1934 684 1976 ita
705 1934 962 1993 comparatis
988 1934 1165 1989 simplex
1188 1930 1529 1976 substantivum
1549 1935 1602 1976 ad
1625 1933 1839 1989 praeposi-

212 2004 374 2045 tionem
405 2004 598 2046 refertur.

331 2090 371 2117 α.
413 2073 513 2116 Post
542 2072 681 2116 verba
711 2075 962 2131 praepositio
993 2075 1201 2130 sequitur:
1236 2089 1416 2130 quorum
1446 2088 1496 2116 ea
1530 2088 1674 2116 rursus
1704 2073 1841 2130 primo

212 2145 302 2187 loco
333 2146 542 2201 ponimus,
574 2146 727 2200 quibus
757 2147 954 2188 movendi
986 2147 1243 2202 significatio
1274 2147 1404 2188 inest:
1443 2142 1665 2187 festinare
1703 2142 1761 2186 ad
1795 2145 1841 2186 in

213 2214 263 2256 A.
296 2214 371 2263 XI,
404 2218 444 2267 2,
483 2217 534 2257 10
565 2218 660 2269 ipsa
690 2217 748 2258 ad
769 2218 1004 2270 perniciem
1032 2218 1258 2271 Poppaeae
1282 2213 1466 2270 festinat.
1519 2213 1700 2257 mittere
1725 2213 1841 2269 ad:¹)

213 2285 257 2326 in
290 2284 345 2328 H.
378 2285 411 2336 Ι,
449 2286 512 2337 10,
549 2287 603 2327 14
633 2286 772 2329 Titum
802 2288 861 2330 ad
890 2288 1186 2330 venerationem
1212 2287 1444 2341 cultumque
1464 2289 1554 2329 eius
1572 2288 1745 2329 miserat
1752 2302 1766 2338 ‚·
1786 2285 1839 2330 A.

213 2354 247 2406 I,
282 2357 349 2406 53,
376 2356 427 2397 17
452 2358 496 2398 et
517 2355 634 2408 XVI,
668 2357 707 2408 9,
741 2357 767 2398 6
799 2358 857 2399 ad
886 2358 1051 2400 caedem
1080 2359 1220 2406 missi;
1241 2357 1297 2409 Π,
1320 2358 1361 2408 6,
1386 2358 1407 2398 1
1433 2357 1489 2400 acl
1509 2368 1652 2400 ceusus
1675 2354 1841 2398 Gallia-

213 2440 331 2479 rum,
360 2426 438 2478 III,
463 2428 532 2480 60,
565 2429 591 2470 3
623 2429 681 2471 ad
710 2429 1039 2483 disquisitionem
1062 2434 1260 2483 patruum
1292 2428 1407 2478 XIV,
1429 2429 1497 2479 58,
1534 2429 1556 2469 7
1580 2428 1637 2470 ad
1655 2427 1798 2470 scelus.
1808 2427 1840 2479 2)

211 2495 503 2551 praemittere
535 2497 593 2540 ad
616 2499 662 2541 iu
692 2499 747 2542 H.
779 2499 813 2551 I,
847 2500 916 2552 46,
949 2501 1006 2542 25
1037 2501 1096 2543 ad
1125 2501 1298 2543 eaedem.

214 2639 400 2674 simillimi
424 2640 465 2674 ll.
502 2640 541 2675 in
566 2640 594 2675 1.
620 2641 683 2682 VI,
709 2642 765 2682 55,
791 2641 833 2678 8:
852 2642 938 2686 XV,
964 2641 1020 2682 24,
1048 2642 1069 2675 2
1094 2643 1133 2677 et
1166 2640 1326 2676 formula
1355 2640 1424 2675 illa
1448 2640 1489 2675 iu
1512 2639 1669 2680 modum,
1695 2639 1743 2674 de
1768 2650 1843 2683 qua

215 2710 249 2733 v.
274 2697 430 2734 inferius
456 2711 484 2734 s.
503 2699 550 2740 ΙΙ,
569 2711 599 2735 c.
626 2698 679 2735 Of.
696 2699 831 2746 Greef.‚
858 2712 895 2745 p.
921 2701 966 2735 32
992 2702 1031 2736 et
1054 2700 1092 2735 in
1118 2700 1190 2736 hac
1215 2699 1361 2735 dissert.
1388 2711 1415 2734 s.
1433 2698 1480 2743 ΙΙ,
1499 2698 1535 2734 d.
1554 2697 1714 2742 aliisque
1739 2697 1842 2734 locis.

335 2757 361 2802 ¹)
386 2756 442 2794 Of,
461 2770 498 2803 p.
518 2759 571 2793 19.
590 2759 712 2794 Hand.
739 2759 782 2803 (Ι,
807 2771 844 2805 p.
873 2758 954 2803 115)
980 2760 1079 2794 hunc
1102 2771 1210 2794 usum
1234 2758 1524 2804 praepositionis
1553 2757 1841 2802 interpretatur:

211 2818 278 2860 fur
300 2817 377 2852 eine
400 2817 515 2853 sache
538 2819 721 2853 bestimmt.

334 2873 363 2920 2)
387 2872 547 2909 mittere
565 2873 625 2910 in:
653 2877 698 2912 H.
723 2877 752 2919 Ι,
777 2878 834 2919 67,
860 2877 881 2912 6
905 2877 1127 2923 stipendium
1145 2876 1299 2921 cascelli,·
1323 2876 1388 2918 IV,
1413 2876 1471 2917 48,
1498 2876 1518 2910 7
1535 2886 1613 2910 eam
1629 2886 1722 2918 rem‚·
1746 2875 1803 2916 50,
1820 2874 1842 2909 3

213 2945 326 2970 necem
353 2935 521 2980 Pisonis;
545 2936 587 2972 A.
616 2937 696 2979 XII,
722 2938 777 2981 55,
804 2938 826 2971 6
851 2938 1064 2973 subsidium.
1301 2935 1318 2941 ’
