2071 3219
907 85 1200 127 -12-

239 215 585 269 iibergegangen,
618 217 692 255 aut
719 214 756 255 si
785 218 1086 256 sacramentum
1116 227 1282 255 servare
1313 214 1518 263 volumus,
1550 214 1715 254 mutato
1744 212 1872 253 verbo

235 284 503 329 vertendum:
547 283 636 327 sich
679 300 774 327 zum
815 283 922 327 Eide
964 284 1164 339 bequemt
1207 283 1371 326 hatten.
1440 283 1685 339 Numquam
1728 284 1870 325 autem

234 355 368 409 ipsam
401 355 656 396 formulam:
690 355 741 395 ad
773 357 916 409 partes
946 354 1197 410 transgredi,
1229 354 1477 410 composuit,
1510 368 1587 409 pro
1618 367 1714 408 qua,
1749 355 1799 394 ut
1818 367 1870 394 ex

235 425 512 467 adnotatione
534 420 694 476 elucet,
726 425 1039 480 praepositione
1075 424 1172 466 «iu»
1207 425 1400 479 praelata
1434 424 1622 467 dicebat:
1655 425 1701 466 in
1722 427 1871 477 partes

233 495 483 552 trausyredi.
522 520 568 526 —-
606 495 661 538 H.
703 495 788 548 IV,
824 496 904 549 16,
937 495 962 537 8
995 494 1052 538 ad
1081 495 1166 539 vim
1197 498 1486 551 transyressa;
1516 493 1568 538 A.
1611 493 1698 547 111,
1731 494 1807 546 66,
1843 494 1860 537 1

234 568 292 609 ad
320 569 501 620 infesta;
532 566 649 617 XVI,
687 569 752 617 10,
788 568 813 608 5
845 567 902 607 ad
932 567 1223 609 accusandam.
1287 565 1492 608 Similiter
1523 568 1653 621 atque
1690 566 1871 608 transire

234 638 292 681 ad
321 638 372 679 de
403 638 607 689 oratione,
640 653 747 692 quae
777 638 830 680 ad
863 638 990 679 aliam
1022 653 1111 680 rem
1143 638 1209 679 vel
1241 652 1462 692 personam
1495 637 1703 691 procedit,
1745 651 1869 678 usur-

234 709 374 763 patur,
407 708 537 750 etiam
568 708 614 750 in
645 708 699 750 H.
731 707 807 759 IV,
842 709 911 759 41,
947 709 998 750 12
1032 707 1113 749 dici
1145 707 1343 763 legimus:
1376 707 1433 750 ad
1463 707 1661 750 Paccium
1690 707 1869 760 Africa-

232 793 333 821 num
372 780 642 834 transyressi,
691 793 784 821 cum
837 781 965 821 antea
1006 778 1058 820 de
1100 778 1194 820 aliis
1233 777 1491 821 delatoribus
1533 779 1754 819 narratum
1800 777 1868 820 sit.
1931 788 1933 790 ·

232 847 557 891 transcendere
590 847 663 890 ad:
687 848 719 904 1)
761 849 805 889 in
837 849 888 893 A.
921 848 1009 900 IV,
1035 850 1114 900 56,
1148 850 1174 890 3
1198 849 1255 891 acl
1273 861 1334 901 ea,
1358 849 1451 903 qais
1478 848 1660 890 maxime
1675 848 1866 902 fidebant,

233 921 258 962 i.
290 936 325 964 e.
360 920 584 975 Zmyrnaei
615 920 659 961 in
692 920 884 962 oratione
915 935 991 961 sua
1023 920 1076 961 ad
1102 920 1255 961 merita
1283 934 1381 975 erga
1402 919 1605 974 populum
1626 918 1868 961 Romanum

232 991 489 1034 transibant.
535 1001 739 1032 remeare
772 988 847 1032 ad:
869 991 902 1044 ἵ)
946 991 988 1032 in
1032 990 1114 1046 Ag.
1148 991 1228 1040 40,
1265 991 1318 1031 10
1365 990 1422 1032 acl
1460 990 1772 1043 Domitianum5
1811 990 1866 1035 H.

231 1060 309 1112 III,
345 1062 414 1113 54,
451 1061 504 1103 18
537 1061 595 1103 ad
623 1061 848 1103 Vitelliam.
872 1057 1048 1103 reverti
1069 1058 1145 1102 ad:
1162 1059 1195 1115 ³)
1216 1060 1261 1102 in
1284 1060 1335 1104 A.
1360 1059 1455 1111 XII,
1477 1060 1546 1110 28,
1573 1061 1598 1102 3
1621 1060 1678 1103 ad
1692 1063 1868 1103 montem

233 1132 445 1179 Taunum
479 1131 533 1172 H.
567 1131 623 1181 II,
657 1132 726 1181 38,
763 1133 814 1172 17
847 1133 903 1172 ad
932 1146 1073 1173 rerum
1102 1132 1306 1182 ordinem,
1351 1131 1419 1171 oui
1463 1131 1589 1171 verbo
1633 1131 1726 1171 aliis
1765 1131 1867 1172 locis

230 1202 368 1245 redire
398 1217 496 1245 cum
528 1202 674 1245 eadem
706 1202 1014 1259 significatione
1044 1201 1282 1258 respondet.

351 1281 571 1327 accedere
605 1281 722 1340 adst)
766 1284 811 1327 in
843 1284 897 1327 H.
930 1283 973 1337 Ι,
1012 1285 1076 1336 16,
1114 1284 1197 1339 181·
1227 1298 1276 1327 ue
1305 1284 1394 1338 ipse
1424 1284 1590 1339 quidem
1620 1284 1677 1328 ad
1701 1298 1867 1328 securas

230 1370 298 1397 res
328 1356 494 1397 accessi.
543 1355 702 1396 Locum
733 1356 994 1411 singularem
1024 1355 1196 1397 exhibet
1226 1355 1280 1397 A.
1313 1355 1347 1407 I,
1380 1356 1449 1407 28,
1482 1357 1538 1397 20
1555 1355 1595 1408 †,
1629 1355 1701 1396 ubi
1737 1355 1865 1397 verba

231 1429 332 1468 sunt
379 1426 424 1468 in
470 1426 662 1469 oratione
702 1430 838 1469 recta:
883 1431 929 1469 ut
971 1428 1187 1470 novissimi
1228 1428 1275 1469 ‘in
1315 1427 1492 1480 culpam,
1536 1428 1598 1469 ita
1630 1426 1768 1479 primi
1807 1425 1865 1468 ad

223 1497 516 1550 poazitcntiam
546 1511 699 1540 sumus.
733 1497 926 1540 Editores
948 1497 1199 1540 recentiores
1229 1497 1338 1540 nihil
1367 1497 1639 1549 adnotabant,
1668 1495 1862 1540 Handius

230 1568 275 1607 in
298 1567 479 1611 Tursell.
512 1567 546 1617 Ι,
579 1583 620 1621 p.
653 1570 736 1609 113
768 1569 881 1609 hunc
912 1569 1050 1610 locum
1072 1569 1234 1610 ratione
1262 1571 1434 1619 tractat,
1457 1583 1584 1623 quam
1604 1582 1671 1609 me
1692 1582 1862 1623 prorsus

231 1652 315 1681 non
361 1637 607 1694 intellegere
650 1638 799 1684 fateor.
870 1638 986 1682 Dicit
1028 1639 1140 1682 enim
1177 1639 1228 1681 de
1269 1638 1484 1682 adiectivis
1530 1638 1860 1694 participiisque,

230 1723 337 1763 quae
369 1723 464 1750 cum
497 1710 809 1764 praepositione
843 1710 946 1750 «ad»
983 1710 1208 1751 coniuncta
1239 1709 1481 1761 utilitatem,
1515 1711 1662 1764 aptam
1699 1712 1742 1750 et
1771 1708 1861 1750 ido-

229 1794 354 1822 neam
386 1794 488 1830 rem,
521 1780 898 1835 opportunitatem,
931 1780 1082 1835 hisque
1113 1780 1327 1822 contraria
1357 1780 1609 1835 significent.
1643 1779 1860 1834 Exemplis

229 1849 407 1905 prolatis
439 1850 492 1891 ad
523 1849 797 1892 insolentiora
821 1850 987 1902 transit,
1020 1850 1162 1906 qualia
1182 1850 1335 1893 sintin
1357 1850 1454 1894 Tac.
1484 1849 1597 1895 Hist.
1618 1851 1656 1902 1,
1690 1850 1744 1893 72
1775 1863 1860 1894 cor-

227 1925 350 1974 rupto
370 1921 428 1962 ad
446 1934 562 1964 omne
579 1922 749 1975 facinus
770 1922 946 1973 Neoemw,
969 1936 1075 1976 quae
1093 1922 1220 1963 verba
1239 1921 1322 1963 huc
1342 1936 1429 1963 non
1453 1922 1664 1977 pertinere
1684 1922 1859 1964 inferius

228 1992 306 2034 sub
329 1991 391 2033 lit.
411 1990 455 2034 O.
474 1991 529 2043 II,
551 2007 589 2043 a,
610 1993 630 2033 1
654 1992 904 2041 videbimus3
927 1992 1046 2035 Ovid.
1071 1991 1183 2033 Fast.
1207 1993 1247 2042 2,
1272 1992 1356 2034 688
1375 1993 1499 2046 fortis
1520 1992 1576 2035 ad
1597 1987 1743 2041 arma;
1765 1991 1856 2036 Liv.

229 2064 297 2115 35,
334 2064 399 2112 10,
436 2064 459 2105 7
495 2065 538 2106 in
570 2065 762 2118 Quinctio
793 2079 898 2106 nova
927 2068 965 2106 ct
994 2065 1174 2106 recentia
1203 2065 1342 2107 omnia
1372 2064 1429 2107 ad
1455 2065 1637 2118 qratiam
1663 2067 1792 2116 crant,
1816 2065 1860 2105 et

227 2134 377 2175 deinde
404 2135 519 2176 hunc
549 2135 697 2184 locum,
731 2135 782 2176 de
805 2150 887 2189 quo
911 2135 1066 2190 agitur,
1091 2135 1218 2176 addit.
1256 2134 1316 2176 Ut
1337 2135 1558 2176 concedam
1579 2135 1698 2175 illum
1720 2134 1857 2175 locum

229 2203 453 2246 Livi-anum
491 2205 552 2246 ita
595 2205 892 2259 explicandum
935 2219 1054 2255 esse,
1097 2207 1144 2245 ut
1181 2219 1325 2249 recens
1363 2204 1499 2260 gloria
1529 2204 1715 2254 Quinctii
1756 2207 1859 2259 apta

228 2274 357 2315 fuerit
389 2275 439 2316 ad
472 2275 657 2330 gratiam
690 2275 1038 2330 comparandam,
1073 2275 1347 2329 (quamquam
1388 2274 1518 2317 etiam
1559 2275 1604 2316 in
1644 2275 1723 2316 hoc
1767 2275 1858 2316 loco

348 2461 374 2503 ¹)
399 2461 673 2496 transcendere
699 2460 758 2498 in:
798 2463 842 2496 H.
870 2463 897 2505 I,
935 2463 993 2502 30,
1020 2463 1061 2496 21
1098 2463 1119 2502 †
1142 2462 1353 2506 provincias
1362 2475 1374 2506 ,-
1405 2463 1453 2497 de
1479 2462 1666 2507 scriptura
1690 2462 1796 2497 verbi
1821 2474 1856 2496 v.

228 2518 462 2555 Wfflfflinum
487 2520 527 2556 in
552 2520 689 2557 Philol.
716 2521 829 2563 XXV,
855 2535 890 2567 p.
920 2522 1004 2564 103;
1030 2521 1075 2556 H.
1102 2520 1165 2561 IV,
1192 2521 1247 2565 73,
1277 2522 1320 2556 18
1344 2522 1366 2564 †
1391 2521 1546 2557 Gallias.

346 2588 375 2633 2)
399 2598 572 2625 remeare
596 2588 657 2625 in:
690 2591 733 2626 A.
759 2592 823 2633 ΙΙΙ,
841 2592 915 2633 '‘21,
944 2593 986 2627 13
1013 2596 1134 2637 terya;
1163 2591 1224 2633 VI,
1250 2591 1307 2633 43,
1334 2592 1379 2626 24
1393 2591 1569 2643 ⁴Surae‘am5
1603 2591 1702 2634 XIII,
1728 2592 1784 2636 47,
1813 2592 1857 2627 10

225 2648 363 2692 honos,-
386 2649 485 2691 XIV,
511 2650 568 2691 25,
595 2651 638 2685 10
659 2653 808 2695 patrias
831 2652 872 2685 in
897 2652 1006 2687 sedes.

344 2717 372 2763 ³)
397 2717 546 2753 reverti
570 2717 631 2754 ine
658 2720 702 2755 Η.
729 2720 790 2755 IV.
817 2721 871 2756 77.
901 2721 943 2755 10
968 2724 1100 2757 castra.

346 2788 374 2829 4)
399 2790 467 2824 hoc
487 2791 641 2825 verbum
661 2802 745 2826 cum
761 2792 1041 2837 praepositione
1063 2792 1159 2834 dn»,
1178 2803 1273 2836 quae
1291 2795 1431 2827 motum
1459 2791 1499 2826 in
1516 2791 1639 2826 locum
1656 2791 1856 2837 exprimat,

225 2847 465 2883 coniunctum
490 2861 564 2885 non
589 2851 696 2885 extat
721 2850 759 2885 in
785 2850 892 2885 libris
918 2850 1100 2891 'saciteis,
1137 2861 1259 2895 neque
1289 2862 1335 2886 ea
1367 2850 1407 2885 in
1431 2850 1610 2895 proximis
1636 2850 1771 2892 verba,
1806 2851 1856 2885 ad

225 2916 323 2951 quae
348 2906 445 2941 nihil
471 2907 703 2942 adnotatum.
