2071 3219
893 82 1067 150 -.'⁵2
1132 105 1186 146 ’,-

226 210 280 254 Α.
311 209 391 262 ΠΙ,
423 210 494 262 36,
525 211 552 253 9
584 210 643 254 ad
668 210 853 265 flayitia.
886 206 1158 263 suffragium
1182 206 1239 252 ad
1268 209 1313 252 in
1343 208 1395 253 A.
1426 208 1505 262 III,
1539 211 1606 262 19,
1639 211 1853 266 3‘suffra-

225 282 344 337 yium
373 281 432 324 ad
459 281 632 324 honores
654 280 878 334 pollim'tus.
914 305 965 311 -—
998 277 1174 322 animus
1198 277 1258 322 ad
1280 280 1325 322 in
1347 280 1403 325 H.
1420 280 1499 333 III,
1519 281 1586 333 18,
1623 282 1675 323 12
1702 286 1854 336 quanto

217 352 322 405 plus
355 352 445 406 spei
483 351 541 393 ad
569 351 782 406 effuyium,
814 352 1014 393 minorem
1056 352 1114 393 ad
1152 349 1428 394 resistendum
1468 352 1655 394 animum
1684 352 1851 395 dabant.

227 418 483 464 mutantia
507 418 565 462 ad
593 421 638 462 in
668 420 723 463 H.
754 420 810 472 Π,
856 422 925 473 35,
969 421 997 462 4
1039 435 1169 475 neque
1202 435 1251 463 ea
1281 423 1510 464 constantia
1547 422 1853 476 yladiatoribus

223 493 283 535 ad
304 492 484 545 proelia,
517 506 621 545 quae
651 491 867 543 militibus,
912 492 984 533 ubi
1012 506 1099 533 non
1130 492 1404 546 cogitandum
1435 492 1487 533 de
1517 507 1596 534 usu
1626 492 1698 534 illo
1728 507 1851 547 prae-

225 561 467 618 positionis,
514 576 597 617 quo
628 561 684 604 sit
714 576 814 617 pro:
855 561 900 604 in
931 560 1076 618 Bezug
1105 561 1200 614 auf,
1243 561 1355 617 quod
1391 577 1443 605 ex
1474 563 1622 606 ceteris
1652 563 1852 619 exemplis

225 634 375 679 elucet.
407 658 464 665 -

304 692 306 694 .
371 706 412 747 b.
447 704 606 746 Deinde
648 718 717 745 eos
759 704 872 745 locos
904 703 1138 753 conferam,
1183 704 1227 744 in
1259 704 1408 757 quibus
1439 704 1501 744 vis
1529 705 1852 759 praepositionis

190 774 341 835 ,nullo
371 774 539 830 quidem
562 773 685 816 modo
705 773 868 816 diversa
899 773 956 815 sit
977 788 1001 815 a
1023 772 1076 824 vi,
1099 787 1228 828 quam
1248 773 1293 815 in
1314 772 1415 816 locis
1438 774 1517 816 sub
1538 773 1602 819 lit.
1621 789 1646 816 a
1666 773 1851 816 collectis

224 844 365 895 habet,
398 843 471 884 ubi
502 845 647 883 tamen
678 856 762 882 non
793 842 1107 884 substantivum
1138 843 1209 883 sed
1239 840 1504 895 gerundium
1527 840 1654 884 verbi
1684 845 1737 885 ad
1758 858 1851 885 eam

223 913 444 956 referatur.
498 913 739 968 Numquam
779 915 920 954 autem
962 913 1218 968 praepositio
1253 913 1347 954 «in»
1384 914 1495 969 apud
1527 914 1724 956 Tacitum
1755 929 1850 956 cum
1876 903 1878 905 Ι

222 983 427 1038 gerundio
457 983 725 1025 construitur.

343 1071 384 1096 α.
417 1053 521 1096 Post
550 1050 688 1095 verba
720 1053 911 1108 sequitur
941 1053 1210 1109 praepositiO,
1244 1053 1295 1095 ad
1316 1068 1442 1109 quam
1463 1054 1714 1110 gerundium
1736 1054 1851 1096 verbi

223 1125 430 1178 pertinet:
472 1122 662 1165 mittere
694 1121 751 1165 ad
788 1124 832 1164 in
864 1124 916 1165 A.
948 1123 1023 1175 IV,
1058 1125 1127 1175 26,
1171 1125 1194 1165 7
1228 1125 1286 1166 ad
1315 1125 1659 1176 satisfaciendum
1696 1126 1851 1178 populo

220 1194 428 1247 Romano,
471 1208 555 1249 quo
596 1193 640 1235 in
671 1194 762 1236 loco
793 1192 1043 1250 gerundium
1075 1193 1254 1236 scribere
1284 1193 1481 1248 debebat,
1526 1195 1637 1251 quod
1684 1195 1848 1238 dativus

220 1278 272 1305 ex
304 1265 431 1305 verbo
462 1264 750 1320 satisfaciendi
781 1265 959 1318 pendet3
990 1264 1044 1305 cf.
1060 1264 1111 1306 A.
1130 1264 1225 1315 XV,
1251 1266 1318 1316 16,
1335 1266 1362 1306 6
1383 1278 1481 1319 quos
1500 1267 1754 1320 testificando
1773 1280 1850 1308 rex

218 1336 413 1385 misisset,
446 1334 499 1375 ad
530 1349 655 1387 quem
688 1334 827 1375 locum
849 1348 887 1375 v.
907 1333 1114 1375 Wfflfflin.
1137 1335 1181 1375 in
1204 1333 1311 1376 Phil.
1331 1334 1467 1386 XXV,
1500 1351 1541 1390 p.
1568 1337 1665 1380 115.
1697 1333 1848 1378 Venire

220 1401 299 1450 ad:
330 1403 376 1446 in
406 1402 461 1448 A.
494 1402 550 1455 II,
592 1404 661 1454 42,
707 1404 757 1445 12
790 1403 849 1445 ad
884 1404 1170 1456 precandum5
1217 1402 1333 1456 XIV,
1376 1405 1416 1456 8,
1453 1405 1504 1447 18
1535 1407 1593 1448 ad
1622 1406 1848 1449 visendum.

219 1470 463 1515 convenire
497 1471 555 1514 ad
585 1473 631 1514 in
663 1473 716 1515 H.
750 1473 806 1523 H,
852 1474 922 1524 68,
972 1475 1019 1514 11
1055 1474 1111 1515 ad
1141 1469 1421 1526 spectandum.
1456 1500 1510 1506 —-
1544 1473 1759 1528 deligere
1791 1474 1849 1517 ad

218 1543 263 1584 in
295 1543 346 1585 A.
369 1542 447 1595 ΙΙΙ,
470 1544 540 1594 67,
574 1544 600 1584 6
622 1544 681 1585 ad
700 1544 993 1587 accusandum.
1016 1567 1066 1572 —
1087 1541 1198 1585 dare
1221 1542 1300 1587 ad:
1320 1545 1365 1585 in
1386 1544 1440 1586 H.
1464 1545 1520 1596 II,
1550 1546 1590 1597 9,
1612 1548 1639 1587 3
1662 1547 1850 1588 triremes

218 1612 277 1654 ad
299 1612 635 1666 prosequendum
641 1629 654 1664 ,·
695 1612 746 1653 A.
779 1612 844 1663 II,
884 1612 939 1653 85
954 1645 964 1663 ,
1007 1614 1033 1654 9
1065 1615 1284 1667 sexayinta
1314 1614 1404 1656 dies
1434 1615 1490 1657 ad
1521 1615 1845 1658 consultandum.

219 1690 446 1736 quaerere
484 1679 542 1724 ad
582 1681 627 1723 in
658 1681 713 1726 A.
744 1680 819 1733 IV,
863 1682 933 1734 54,
980 1682 1032 1724 12
1075 1686 1272 1726 secretum
1312 1682 1370 1726 ad
1411 1686 1757 1739 perpetrandum.
1790 1709 1847 1715 ——

216 1749 338 1792 satis
371 1761 477 1792 esse
510 1749 568 1792 ad
598 1751 643 1792 in
675 1751 729 1791 H.
763 1751 840 1802 IV,
882 1753 954 1801 15,
997 1753 1049 1792 15
1078 1754 1187 1794 satis
1216 1754 1373 1795 virium
1402 1755 1461 1795 ad
1489 1756 1714 1797 arcendum
1743 1760 1846 1797 erat.

217 1818 387 1863 deesse
422 1817 519 1872 ad1)
552 1820 598 1862 in
628 1819 681 1862 A.
699 1819 795 1873 XII,
815 1821 887 1873 20,
922 1822 971 1862 ll
992 1820 1116 1864 *vim
1145 1821 1202 1864 ad
1230 1824 1544 1877 exsequendum,
1568 1848 1618 1854 —-
1636 1821 1846 1867 retinere

216 1887 294 1932 ad:
340 1891 386 1931 in
429 1889 485 1931 H.
517 1889 595 1941 III,
631 1891 699 1940 15,
750 1891 799 1930 11
836 1890 1061 1944 leyionibus
1103 1892 1161 1933 ad
1189 1893 1456 1934 muniendum
1484 1895 1673 1943 retentis;
1726 1895 1779 1938 H.
1811 1895 1845 1946 Ι,

216 1960 286 2011 87,
321 1960 419 2014 132)
449 1974 597 2002 euram
625 1960 800 2002 navium
820 1960 1018 2002 Moschus
1047 1961 1218 2004 libertus
1245 1963 1443 2005 retinebat
1473 1964 1531 2006 ad
1550 1964 1847 2008 observandam

214 2030 484 2072 honestiorum
511 2030 651 2084 fidem.
684 2029 736 2071 In
768 2029 979 2071 codicibus
1009 2032 1151 2072 autem
1182 2033 1278 2086 post
1308 2032 1556 2075 vocabulum
1582 2034 1711 2088 fidem
1739 2034 1845 2090 legi-

218 2103 289 2140 tur
314 2103 390 2141 aut
413 2103 616 2142 {mutatus
636 2102 712 2141 aut
741 2101 987 2142 immutatus
1018 2103 1092 2141 aut
1122 2100 1323 2143 imitatus.
1358 2101 1496 2157 Caput
1525 2104 1652 2155 enim,
1684 2105 1730 2145 in
1761 2118 1845 2159 quo

215 2168 320 2211 haec
350 2170 479 2211 verba
509 2172 677 2221 extant,
710 2169 897 2228 pertinet
928 2169 980 2211 ad
1011 2184 1083 2222 ea,
1116 2185 1223 2225 quae
1254 2185 1305 2213 ex
1335 2172 1602 2228 interpolatis
1632 2174 1842 2216 codicibus

215 2239 460 2280 recentioris
491 2240 644 2280 aetatis
675 2240 911 2293 supplenda
940 2242 1052 2290 sunt,
1084 2254 1180 2281 cum
1201 2240 1378 2283 Medieei
1407 2242 1568 2293 folium,
1600 2257 1684 2296 quo
1704 2243 1846 2297 capita

214 2306 272 2351 H.
304 2306 338 2359 I,
383 2308 438 2349 86
469 2307 567 2349 inde
599 2323 624 2349 a
656 2308 797 2350 verbis
827 2309 973 2361 inopia
1003 2313 1199 2362 quaestus
1227 2325 1359 2364 usque
1400 2311 1453 2353 ad
1492 2310 1554 2363 Π,
1596 2312 1622 2352 2
1656 2310 1844 2366 Cyprum

215 2377 541 2420 continebantur
572 2377 756 2433 perierit.
800 2376 929 2420 Varie
959 2377 1152 2420 homines
1183 2378 1293 2422 docti
1323 2380 1462 2424 locum
1493 2396 1643 2424 sanare
1673 2381 1844 2424 studue-

215 2451 329 2499 runt,
361 2462 456 2490 cum
487 2448 560 2488 alii
590 2449 838 2490 immutatus
869 2448 1154 2500 defenderent,
1196 2450 1268 2491 alii
1297 2452 1501 2495 invitatus
1529 2443 1727 2503 mallent,
1759 2452 1844 2493 alia

157 2509 162 2515 ⁸
216 2517 314 2569 alia,
347 2532 455 2572 quae
486 2532 522 2560 v.
555 2519 667 2573 apud
699 2517 920 2560 Halmium
950 2518 995 2560 in
1028 2532 1176 2563 comm.
1208 2520 1300 2562 crit.
1334 2521 1521 2571 Quorum
1547 2522 1599 2564 de
1620 2522 1843 2565 sententiis

215 2588 295 2631 hoc
325 2588 419 2631 loco
448 2588 668 2644 disputare
700 2604 787 2632 non
819 2604 1008 2645 possum,
1056 2590 1229 2633 verbum
1271 2594 1439 2635 tantum
1470 2593 1522 2636 de
1552 2593 1745 2636 lectione·
1762 2594 1842 2636 im-

340 2762 366 2808 ¹)
390 2762 445 2798 Cf.
469 2763 513 2799 A.
538 2764 640 2806 XIII,
665 2764 722 2806 56,
748 2765 768 2799 7
794 2764 817 2807 †
840 2764 957 2800 deesse
979 2765 1086 2800 nobis
1109 2769 1206 2800 terra
1229 2766 1271 2801 in
1294 2767 1406 2803 vitam
1431 2786 1475 2792 -
1500 2772 1623 2814 potest.

336 2820 366 2866 ²)
393 2822 469 2858 Hoc
502 2822 729 2869 exemplum,
758 2823 857 2868 quod
891 2823 1042 2868 proprie
1066 2836 1105 2869 p.
1130 2823 1174 2858 56
1205 2827 1566 2863 commemorandum
1591 2829 1683 2868 erat,
1707 2827 1841 2869 causis,

217 2892 313 2926 quae
337 2880 448 2916 facile
473 2880 758 2926 intelleguntur,
783 2882 852 2917 hoc
876 2881 958 2918 loco
981 2882 1118 2927 recepi.
