2071 3219
875 135 1133 177 -3—

193 266 305 323 quod
336 266 510 309 omnino
543 265 659 322 prius
689 265 819 307 finem
850 279 993 307 versus
1025 265 1217 307 movetur
1237 278 1362 319 quam
1387 264 1440 307 ad
1470 263 1598 307 finem
1628 265 1818 320 perveni-

155 372 158 376 .
192 340 277 386 tur,
311 339 528 392 praeterea
559 350 653 377 eam
683 335 915 385 rationem,
957 349 1040 389 qua.
1077 334 1130 375 ad
1166 334 1294 376 finem
1331 334 1572 376 directionis
1610 335 1821 390 perveniri

192 407 416 458 indicatur,
450 405 720 449 abhorruisse
742 405 925 460 primum
947 405 1001 447 ab
1022 405 1161 447 indole
1190 404 1518 460 praepositionis
1548 420 1600 447 ex
1632 420 1683 446 eo
1715 404 1820 446 mihi

195 490 400 533 apparere
430 476 619 527 videtur,
665 475 777 530 quod
817 475 1013 517 omnibus
1054 475 1315 530 temporibus
1348 474 1452 516 ‹ad›
1487 489 1583 516 cum
1623 474 1822 517 adverbio

199 561 383 600 «usque»
414 545 699 600 coniungitur,
731 558 815 598 quo
837 545 888 585 ad
909 559 995 585 reni
1029 545 1156 599 plane
1188 545 1399 600 perveniri
1429 545 1703 599 significetur.
1734 543 1822 584 Ad-

196 616 328 660 verbii
360 616 472 659 enim
504 615 692 666 notione,
737 630 844 670 quae
875 617 939 657 est
974 614 1282 665 «inimerfort»,
1325 615 1524 667 efficitur,
1567 619 1616 657 ut
1647 629 1822 670 praepo-

196 685 361 728 sitionis
391 685 467 738 vis,
489 700 596 741 quae
630 684 800 741 proprie
831 686 913 727 est:
951 684 1099 736 «nach,
1131 699 1267 742 gegen
1289 688 1420 728 etwas
1452 684 1569 737 hin»,
1603 684 1822 727 continue-

196 761 280 808 tur,
313 771 398 812 qua
428 756 752 798 continuatione
774 770 905 810 usque
926 755 978 796 ad
999 770 1088 797 rem
1108 755 1242 811 ipsam
1274 756 1486 812 perveniri
1517 771 1592 812 per
1622 770 1667 798 se
1689 757 1821 813 patet.

197 828 336 883 Igitur
375 842 469 869 cum
510 842 544 871 e.
578 842 612 870 c.
646 826 831 868 dicat-ur:
878 826 955 867 «ad
992 829 1161 880 portam
1201 827 1315 868 urbis
1345 841 1480 882 usque
1516 827 1619 877 ire,»
1655 826 1823 868 intelle-

198 898 380 955 gendum
413 901 495 939 est:
529 897 640 939 nach
671 897 764 938 dem
796 896 910 937 'Phor
939 896 1013 938 der
1044 895 1169 938 Stadt
1199 897 1287 949 hin,
1320 898 1407 940 und
1430 912 1543 940 zwar
1573 897 1822 948 immersort,

197 967 272 1010 bis
302 968 376 1009 hin
410 967 561 1024 gehen.
596 967 704 1008 Tum
737 969 878 1008 autem
913 980 1098 1021 «usque»
1133 967 1381 1023 plerumque
1409 968 1696 1019 omittebatur,
1729 966 1824 1008 aliis

199 1040 299 1081 locis
330 1039 601 1088 servabatur,
647 1038 708 1078 ita
739 1041 905 1088 tamen,
947 1041 1011 1088 ut,
1053 1039 1089 1079 si
1121 1039 1298 1093 logicam
1329 1040 1535 1080 rationem
1566 1039 1824 1093 respicimus,

199 1124 253 1151 ne
284 1108 460 1151 minima
480 1107 650 1163 quidem
682 1122 809 1150 causa
839 1110 965 1159 esset,
999 1122 1072 1149 cur
1093 1108 1177 1150 alio
1198 1107 1290 1151 loco
1312 1111 1550 1164 poneretur,
1584 1109 1666 1151 alio
1698 1107 1823 1150 omit-

200 1179 376 1222 teretur,
424 1179 509 1229 Eo,
555 1179 665 1233 quod
706 1193 817 1220 nunc
848 1179 1094 1234 plerumque
1125 1193 1199 1234 per
1230 1179 1580 1235 anticipationem
1611 1178 1823 1234 quandam

201 1250 437 1306 anteposito
481 1250 676 1291 adverbio
716 1249 887 1305 legitur:
935 1264 1091 1304 «usque
1131 1250 1224 1301 ad,»
1269 1250 1378 1291 nihil
1408 1250 1659 1292 discriminis
1690 1249 1823 1292 effici-

199 1324 282 1364 tur.
302 1319 334 1375 ¹)

318 1390 603 1446 Comparandi
646 1404 773 1431 causa
803 1404 965 1445 semper
994 1390 1128 1442 locos,
1169 1391 1213 1433 in
1250 1391 1401 1446 quibus
1433 1390 1688 1446 praepositio
1723 1390 1820 1441 «in»

200 1478 294 1505 cum
337 1461 574 1504 accusativo
615 1461 839 1503 coniuncta
876 1475 901 1503 a
947 1460 1095 1503 Tacito
1138 1465 1387 1517 usurpatur,
1433 1462 1476 1503 in
1519 1461 1712 1517 margine
1753 1461 1824 1503 ad-

199 1532 356 1589 scripsi,
399 1535 443 1574 et
484 1546 578 1574 cum
609 1532 735 1573 etiam
766 1531 847 1573 hac
876 1531 920 1573 in
951 1546 997 1574 re
1028 1532 1171 1575 omnia
1201 1534 1393 1588 exempla
1423 1534 1620 1589 colligere
1652 1547 1822 1588 operam

200 1603 427 1652 dedissem,
475 1616 525 1643 ea
554 1604 722 1643 tantum
754 1601 926 1652 exclusi,
967 1602 1010 1643 in
1042 1602 1196 1656 quibus
1228 1603 1368 1645 ethica
1399 1603 1606 1659 quaedam
1643 1603 1706 1645 vis
1736 1602 1823 1644 sive

199 1673 363 1715 hostilis
384 1673 470 1714 sive
491 1672 694 1714 benevola
720 1672 1024 1727 praepositioni
1050 1673 1164 1715 insit.
1199 1674 1433 1716 Discrimen
1463 1675 1824 1729 praepositionum

199 1744 290 1786 loco
320 1743 393 1785 illo
424 1757 475 1784 ex
505 1740 687 1784 Senecae
719 1742 839 1797 epist.
875 1743 949 1792 73,
990 1742 1044 1784 14
1078 1743 1298 1799 desumpto
1329 1744 1590 1799 apertissime
1622 1744 1824 1800 perspici-

200 1820 288 1856 tur:
321 1818 421 1856 deus
453 1813 511 1855 ad
539 1813 723 1855 homines
750 1814 881 1864 venit,
923 1814 1073 1866 immo,
1116 1815 1224 1866 quod
1246 1815 1433 1868 propius
1462 1818 1530 1865 est,
1564 1816 1609 1857 in
1639 1815 1825 1860 homines

199 1887 319 1928 venit.
351 1883 514 1939 Itaque,
546 1886 594 1924 ut
621 1883 665 1924 in
688 1884 928 1925 universum
950 1884 1149 1937 dicamus,
1185 1886 1289 1928 «ad»
1316 1886 1516 1941 exprimit
1546 1885 1824 1937 vicinitatem,

204 1956 300 1996 «in»
337 1954 571 2010 proximam
589 1954 852 1996 vicinitatem
884 1955 948 1996 vel
979 1956 1341 2007 coniunctionem;
1377 1956 1481 1999 «ad»
1516 1956 1653 2012 magis
1682 1960 1827 2012 perso-

200 2040 364 2075 narum,
392 2025 488 2065 «in»
514 2027 718 2065 terrarum
746 2024 1048 2080 regionumque
1068 2026 1310 2068 nominibus
1333 2027 1589 2083 adiungitur.
1622 2026 1824 2068 Attamen

200 2111 283 2138 non
315 2110 411 2137 raro
441 2095 575 2137 altera
606 2094 862 2150 praepositio
892 2095 1063 2137 alterius
1093 2099 1235 2152 partes
1266 2098 1453 2153 suscipit.

318 2166 398 2208 Sed
428 2166 535 2207 hacc
564 2165 790 2207 hactenus:
823 2166 875 2207 ad
906 2180 1029 2207 usum
1059 2166 1276 2209 Taciteum
1308 2182 1483 2223 pergere
1514 2168 1649 2209 liceat.

296 2342 323 2387 ¹)
347 2342 421 2378 Vix
454 2352 546 2386 opus
583 2343 655 2382 est,
695 2342 738 2376 ut
762 2340 911 2382 addam,
949 2341 988 2376 in
1025 2341 1186 2378 aliarum
1223 2354 1369 2387 quoque
1400 2343 1722 2388 praepositionum
1755 2355 1824 2378 usu

200 2401 352 2448 gravius
377 2401 607 2435 momentum
631 2398 750 2434 tribui
774 2410 882 2444 posse
914 2398 974 2434 illi
999 2400 1159 2443 notioni,
1198 2413 1311 2447 quam
1339 2413 1498 2447 ‹usque›
1525 2402 1657 2443 habet,
1695 2402 1823 2447 itaque

200 2461 315 2497 etiarn
353 2459 440 2494 aliis
476 2458 820 2504 praepositionibus
848 2470 1005 2503 ‹usque›
1024 2448 1194 2505 'adiungi
1231 2472 1354 2505 posse,
1391 2461 1455 2495 sed
1482 2472 1564 2495 cum
1592 2460 1641 2494 ad
1666 2471 1823 2505 praepo-

200 2520 374 2555 sitionem
402 2518 493 2552 ‹ad›
520 2516 732 2560 adderetur,
758 2528 842 2551 eum
861 2516 975 2552 fuisse
993 2511 1176 2559 effectum,
1200 2529 1310 2562 quem
1328 2518 1367 2552 in
1386 2519 1532 2553 mutata
1549 2517 1824 2562 significa-tione

200 2578 397 2615 cernimus
424 2575 478 2610 De
506 2586 644 2620 «usque
671 2574 731 2609 in»
762 2587 795 2609 v.
821 2587 858 2620 p.
884 2575 941 2609 28.
