2071 3219
858 127 1146 170 ..55-

116 251 313 298 .ferre
356 251 735 306 adinA.XI11‚
773 253 1423 305 31‚9aerarioinlatumcst
1464 251 1820 296 adr-elinandum

186 324 340 378 populo
364 324 507 379 fidem-

307 395 346 435 3.
378 393 444 435 Ex
474 392 611 434 verbis
640 388 847 445 eligendi
874 393 919 433 et
939 388 1185 448 doumdi,
1216 392 1285 442 (de
1310 391 1516 445 scriptura
1541 406 1580 433 V.
1604 390 1816 441 Wfflfflin,

192 463 237 505 in
269 462 381 505 Phil.
404 460 538 513 XXV,
571 475 611 517 p.
637 460 760 517 108):
792 456 965 513 eligere
996 456 1073 502 ed:
1103 460 1149 503 in
1179 460 1262 517 Ag.
1281 461 1323 512 6,
1357 461 1411 503 18
1435 461 1493 503 ad
1521 460 1814 515 donatam-plo·

188 546 285 575 rum
313 532 635 587 recognoscenda
642 546 656 583 ‚·
687 531 742 572 H.
774 531 809 583 I,
842 532 912 582 50,
928 531 960 572 ’6
979 531 1040 573 ad
1051 532 1313 590 perdendum
1332 532 1567 584 imperium.
1608 526 1814 583 deligere

191 598 317 644 adin
348 601 400 644 A.
433 601 467 653 Ι,
499 602 568 653 64,
601 602 657 644 20
687 602 921 645 ducendum
948 601 1008 644 ad
1036 615 1201 656 aymem
1230 600 1288 652 11,
1320 601 1388 651 43,
1425 601 1478 643 19
1508 599 1566 643 ad
1595 614 1690 654 spes
1706 599 1814 644 Ger-

188 672 343 715 manici
371 672 632 723 οοὲνσεηάαες
664 671 739 723 IV,
770 672 840 722 48,
876 672 929 713 12
961 671 1195 726 amendam
1215 671 1282 713 ‘ad
1306 670 1602 723 formidinem5
1634 668 1710 720 VI,
1743 670 1813 722 54,

192 743 247 783 13
277 742 335 785 ad
363 743 682 795 opprimendum
710 742 910 785 Seianum
917 758 931 794 ‚·
960 740 1055 792 XH,
1088 737 1130 792 8,
1160 742 1186 783 2
1217 740 1453 796 amendam
1492 740 1551 783 ad
1579 740 1787 783 invidiam
1799 755 1813 792 ,·

188 810 311 862 XIV,
349 812 428 863 26,
470 812 493 853 7
525 811 583 853 ad
611 811 903 865 capessendum
930 812 1167 864 imperium.
1201 810 1446 852 Wolfflinus
1477 810 1521 851 in
1543 809 1652 851 Phil.
1676 809 1809 860 XXV,

189 896 231 936 p.
278 882 361 923 114
400 881 615 923 nonnullis
655 881 854 936 exemplis
902 881 1103 923 adhibitis
1117 913 1126 931 ,
1171 895 1279 935 quae
1328 882 1448 922 sunt:
1495 879 1705 936 «deligere
1746 879 1811 931 ad,

187 950 355 993 mittere
386 952 449 1002 ad,
483 951 643 1007 digredi
673 951 745 1002 ad,
792 951 942 993 ducere
973 951 1052 993 ad»
1086 966 1121 992 c.
1154 949 1373 1006 gerundiv.
1415 954 1569 992 constr.
1584 981 1595 1000 ,
1638 949 1811 991 demon-

188 1023 324 1061 strare
374 1021 562 1070 volebat,
616 1020 809 1062 dativum
860 1020 977 1062 illum
1020 1020 1190 1061 finalem
1237 1018 1451 1061 rarissime
1505 1019 1550 1060 in
1601 1019 1809 1075 prioribus

186 1089 353 1145 scriptis
383 1089 520 1132 locum
550 1089 717 1141 habere,
748 1104 842 1132 cum
874 1089 921 1131 in
944 1088 1179 1131 Annalibus
1200 1103 1249 1131 ex
1273 1088 1419 1145 regula
1441 1088 1603 1143 positus
1624 1091 1668 1130 et
1688 1103 1809 1144 prae-

188 1159 340 1215 positio
386 1174 471 1201 non
514 1160 597 1201 nisi
629 1160 753 1201 certis
794 1159 929 1201 causis
965 1159 1146 1200 admissa
1182 1159 1248 1200 sit.
1297 1158 1388 1199 Hoc
1433 1158 1604 1212 quidem
1639 1158 1808 1200 concedi
1875 1196 1878 1197 γ

185 1232 323 1285 potest
337 1263 347 1282 ,
381 1230 426 1271 in
459 1230 694 1272 Annalibus
735 1229 901 1285 saepius
932 1228 1127 1271 Tacitum
1168 1228 1448 1283 antiquiorem
1487 1227 1650 1270 dicendi
1685 1242 1807 1269 usum

187 1300 266 1342 sibi
298 1300 543 1351 vindicasse,
576 1315 702 1355 quam
733 1314 853 1341 usum
886 1298 1218 1355 praepositioniS,
1256 1300 1304 1339 ut
1333 1298 1462 1339 etiam
1492 1297 1538 1339 in
1568 1297 1661 1340 aliis
1692 1297 1805 1339 anti-
1871 1291 1874 1294 ⁴

183 1371 332 1424 quiora
353 1371 396 1411 in
429 1371 669 1412 Annalibus
699 1370 913 1424 praetulit,
945 1370 1016 1411 sed
1056 1384 1225 1419 causas,
1267 1383 1372 1422 quas
1403 1367 1650 1409 Wblfflinus
1688 1368 1804 1410 inve-

181 1440 293 1481 nisse
325 1440 404 1481 sibi
437 1440 623 1488 videtur,
657 1439 868 1493 captiosas
906 1453 996 1480 esse
1026 1438 1110 1480 iam
1141 1437 1238 1479 inde
1270 1439 1469 1492 apparet,
1499 1437 1613 1491 quod
1653 1451 1802 1479 novem

180 1511 348 1560 tantum
377 1509 422 1551 in
454 1509 692 1551 Annalibus
722 1510 871 1550 extant
901 1508 1105 1563 exempla,
1136 1507 1182 1549 in
1213 1506 1366 1561 quibus
1397 1506 1577 1562 deliyere
1606 1521 1702 1550 cum
1728 1506 1803 1549 da-

177 1578 279 1629 tivo,
309 1593 380 1620 sex
411 1581 551 1620 autem
568 1602 623 1608 —
641 1592 740 1619 nam
772 1578 823 1620 A.
856 1577 931 1628 VI,
962 1579 1032 1627 54,
1068 1576 1378 1618 13W51ffiinus
1412 1578 1554 1619 omisit
1574 1601 1625 1607 -
1643 1577 1688 1618 in
1708 1577 1803 1631 qui-

180 1649 255 1689 bus
287 1663 383 1690 cum
404 1648 717 1703 praepositione
737 1647 1010 1689 coniunctum
1031 1647 1097 1688 sit.
1129 1646 1292 1689 Deinde
1314 1647 1485 1698 aceedit,
1518 1646 1637 1701 quod
1656 1657 1802 1701 neque

177 1713 224 1758 in
246 1714 461 1760 Historiis
495 1726 641 1772 neque
672 1713 719 1759 in
749 1712 936 1772 scriptis
960 1712 1205 1759 minoribus
1230 1726 1438 1771 umquam
1469 1713 1536 1759 sit
1564 1717 1803 1772 cleliam-c

177 1784 381 1830 adeum
416 1783 663 1840 gerundivo
700 1784 997 1847 coniunctum·
1029 1787 1164 1837 Quam
1193 1788 1247 1829 ob
1277 1801 1460 1829 causam·
1478 1788 1687 1842 quomodo
1716 1787 1798 1829 dici

176 1858 322 1911 possit,
351 1857 540 1899 dativum
570 1858 790 1912 gerundivi
820 1872 907 1899 non
938 1858 1131 1913 usurpari
1162 1860 1262 1899 ante
1292 1858 1431 1899 locum
1461 1858 1506 1899 in
1537 1857 1592 1899 H.
1617 1859 1656 1908 3,
1691 1858 1729 1909 7,
1755 1858 1798 1912 in

175 1925 412 1970 Annalibus
434 1929 574 1970 autem
595 1941 759 1983 semper
780 1927 969 1970 dativum
988 1926 1103 1983 poni,
1126 1941 1220 1970 cum
1243 1927 1496 1983 praepositio
1517 1941 1593 1984 pro
1609 1941 1659 1970 eo
1674 1927 1799 1971 certis

175 2000 343 2039 tantum
372 1999 423 2039 de
453 1998 589 2039 causis
620 1998 850 2039 substituta
879 1997 937 2039 sit
951 2022 1008 2028 —-
1025 1998 1134 2038 unde
1164 1998 1216 2039 iis
1236 1998 1310 2052 qui
1330 1998 1492 2052 legunt,
1524 1998 1607 2040 hoc·
1624 1999 1799 2041 verbum

174 2067 217 2108 in
256 2066 453 2109 Historiis
485 2067 729 2122 plerumque
759 2068 803 2108 in
835 2067 998 2122 scriptis
1028 2067 1258 2109 minoribus
1297 2081 1463 2122 semper
1492 2082 1587 2109 cum
1618 2082 1796 2124 praepo·

173 2136 323 2179 sitione
374 2138 560 2179 construi
602 2137 931 2179 concludendum
973 2139 1037 2179 est
1071 2162 1121 2167 —-
1156 2137 1235 2179 hoo
1272 2152 1358 2180 non
1400 2137 1529 2179 video.
1591 2136 1797 2180 Similiter

173 2221 324 2248 causae
355 2211 400 2249 et
419 2208 583 2249 numeri
613 2209 799 2250 locorum
829 2208 875 2249 in
895 2208 1067 2263 reliquis
1086 2209 1287 2263 exemplis
1307 2208 1539 2263 comparati
1560 2211 1672 2260 sunt,
1696 2223 1795 2251 nam

171 2277 330 2319 mittere
360 2291 454 2319 cum
486 2277 628 2320 dativo
658 2277 881 2334 gerundivi
912 2277 1137 2333 quinquies
1166 2277 1212 2320 in
1243 2276 1502 2329 Annalibus,
1539 2292 1635 2320 cum
1672 2292 1793 2334 prae-

170 2346 377 2400 positione
407 2350 559 2401 quater
589 2348 799 2403 reperitur
831 2373 884 2378 —
916 2348 1059 2390 omisit
1099 2348 1212 2390 enim
1250 2347 1498 2390 Wolfflinus
1534 2348 1577 2389 ll.
1611 2348 1663 2392 A.
1696 2347 1793 2399 XII,

173 2416 239 2466 10,
275 2416 295 2458 1
320 2419 364 2458 et
385 2415 501 2468 XIV,
525 2418 595 2468 39,
623 2417 642 2458 l
662 2432 735 2466 -;
765 2417 983 2472 diyressus
1002 2418 1060 2460 ad
1088 2420 1132 2459 et
1150 2417 1292 2473 eyredi
1311 2418 1370 2460 ad
1398 2418 1444 2459 in
1463 2417 1702 2459 Annalibus
1728 2417 1792 2459 bis

167 2486 444 2529 inveniuntur
473 2487 518 2529 in
554 2488 580 2528 l.
612 2487 695 2539 IV,
731 2488 800 2539 73,
832 2488 873 2539 5,
906 2503 1032 2543 quem
1062 2474 1201 2531 locuni
1220 2487 1464 2530 Wolfflinus
1486 2503 1573 2530 non
1595 2487 1716 2539 vidit,
1748 2489 1792 2529 et

167 2555 212 2597 in
243 2556 269 2597 l.
302 2555 375 2608 VI,
408 2557 478 2609 56,
515 2558 580 2608 19,
624 2571 759 2612 neque
790 2557 955 2613 saepius
985 2573 1080 2601 cum
1121 2558 1283 2610 dativo,
1325 2572 1426 2599 nam
1470 2558 1608 2599 locum
1650 2557 1696 2599 in
1735 2557 1788 2601 A.

166 2626 229 2668 IV
242 2659 252 2678 ,
303 2628 356 2669 19
398 2629 580 2683 reperire
622 2643 709 2669 non
751 2643 934 2683 possum.
996 2629 1116 2679 Quod
1147 2629 1202 2672 ad
1232 2629 1405 2671 verbum
1434 2629 1583 2671 ducere
1611 2629 1681 2681 ad,
1713 2644 1789 2684 pro

167 2696 490 2753 praepositionis
522 2713 600 2741 usu
630 2713 773 2751 unum,
808 2713 884 2755 pro
916 2699 1046 2742 dativi
1076 2702 1162 2742 tres
1191 2700 1304 2742 locos
1334 2699 1529 2743 contulit.

281 2767 431 2823 Itaque
462 2769 573 2811 hanc
602 2784 729 2824 quam
760 2770 895 2812 voluit
924 2771 1113 2826 regulam
1144 2772 1399 2814 constituere
1435 2785 1521 2813 non
1552 2785 1786 2826 possumuS,

163 2837 235 2879 sed
265 2836 485 2880 dicendum
517 2840 656 2894 potius
686 2842 762 2891 est,
796 2842 1021 2896 utrumque
1050 2856 1172 2883 usum
1207 2841 1252 2883 in
1283 2841 1523 2884 Annalibus
1554 2840 1788 2897 promiscue

162 2906 355 2960 inveniri,
388 2910 529 2951 tamen
562 2913 612 2955 ut
641 2911 778 2967 magis
808 2910 985 2958 inclinet
1022 2912 1201 2968 scriptor
1242 2912 1293 2955 ad
1325 2912 1610 2968 antiquiorem
1649 2927 1783 2965 usum,
