2071 3219
894 88 1188 130 --36-

224 231 332 268 mus,
364 230 465 258 casu
496 216 660 258 factum
683 230 771 258 esse
793 216 1040 271 negaverim
1059 240 1106 247 —
1130 217 1278 266 elucet,
1310 217 1429 259 nullo
1456 217 1548 259 loco
1569 216 1857 277 Historiarum

226 285 413 343 exceptis
445 287 626 338 duobus,
675 286 748 343 qui
790 287 835 329 in
878 287 1144 330 orationibus
1174 286 1301 329 rectis
1331 287 1617 344 reperiuntur,
1663 286 1857 329 Tacitum

223 358 312 400 sola
344 358 661 414 praepositione
696 358 801 399 «ad»
834 358 1060 414 temporali
1092 358 1134 400 vi
1166 373 1290 400 usum
1320 372 1422 400 esse.

351 430 391 473 4.
426 427 632 471 Similiter
663 443 712 470 ac
742 428 827 470 iam
860 443 988 485 supra
1009 427 1201 480 vidimus,
1234 428 1363 471 etiam
1395 428 1440 470 in
1461 428 1542 471 hoc
1561 442 1714 486 genere
1736 442 1858 484 prae-

222 500 380 553 positio
411 500 463 541 ad
494 501 773 554 supplendam
804 501 1023 541 notionem
1045 500 1300 541 substantivi
1323 500 1534 554 pertinere
1555 502 1708 554 potest,
1740 499 1856 540 euius

222 569 282 612 rei
313 570 506 627 exempla
548 573 693 614 tamen
736 570 971 614 rarissima:
1021 570 1071 613 ln
1103 570 1157 616 A.
1188 570 1224 622 Ι,
1270 571 1309 623 8,
1355 571 1381 613 6
1413 571 1460 614 in
1488 584 1603 626 spem
1633 570 1855 614 secundam

220 646 387 695 nepotes
421 646 771 696 pronepotesque,
815 643 934 685 tertio
975 643 1117 698 yradu
1149 642 1362 696 primores
1400 643 1581 685 civitatis
1617 642 1854 695 scripserat,

218 713 435 765 plerosque
473 713 625 754 invisos
660 713 740 754 sibi
753 746 763 764 ,
807 713 880 755 sed
915 714 1119 754 iactanti-a
1158 712 1374 766 9loriaque
1404 712 1462 768 ad
1483 716 1672 763 posteros
1679 729 1692 764 ‚·
1732 726 1855 765 quem

220 782 359 825 locum
389 785 438 825 ut
469 785 583 825 recte
614 782 914 838 intellegamus
945 783 989 824 in
1022 798 1071 826 eo
1092 782 1278 838 positum
1309 785 1387 833 est,
1420 797 1504 836 qua
1535 782 1700 824 ratione
1718 782 1855 836 yloria

222 852 488 909 accipiamus.
524 852 642 903 Quod
675 853 925 896 vocabulum
957 852 1241 909 Nipperdeius
1273 852 1442 908 quidem
1474 852 1519 895 in
1542 852 1639 897 adn.
1672 852 1723 894 ad
1745 852 1796 895 A.
1820 850 1853 902 I,

221 923 291 975 43,
312 924 365 965 17
381 938 457 980 pro
474 923 870 981 «Ruhmbegierde»
889 923 1047 966 dictum
1065 938 1151 965 esse
1167 923 1349 979 putavit,
1366 938 1453 965 non
1469 925 1593 974 recte,
1610 924 1658 964 ut
1674 921 1852 964 videtur.

220 992 334 1035 Nam
365 994 641 1036 conferendus
673 996 738 1036 est
759 994 867 1035 alius
888 994 1003 1036 locus
1023 993 1064 1035 in
1082 993 1133 1037 A.
1149 993 1223 1043 XI,
1243 994 1283 1044 6,
1303 994 1341 1043 3,
1359 993 1405 1034 in
1422 1007 1505 1047 quo
1523 996 1606 1034 iam
1624 992 1776 1046 Spitta,
1803 993 1854 1033 de

219 1062 316 1107 Tac.
333 1063 379 1105 in
396 1078 589 1120 compon.
608 1066 754 1106 enunt.
771 1066 851 1106 rat.
866 1080 906 1120 p.
925 1064 981 1106 60
1003 1078 1147 1105 veram
1163 1063 1384 1105 lectionem
1400 1063 1446 1105 in
1461 1063 1653 1119 margine
1667 1062 1853 1117 adscrip-

156 1177 160 1180 ,
219 1137 310 1175 tam
331 1135 520 1176 restituit
537 1135 798 1190 adprobante
809 1134 1033 1177 Wolffiino
1052 1135 1095 1175 in
1115 1134 1266 1175 Philol.
1284 1134 1439 1185 XXVI,
1457 1150 1498 1189 p.
1521 1135 1626 1175 113:
1659 1133 1718 1174 ibi
1739 1133 1852 1174 enim

219 1206 346 1246 verba
367 1207 484 1246 sunt:
517 1206 589 1259 qui
607 1206 770 1258 famam
790 1205 848 1247 acl
863 1209 1048 1259 posteros
1064 1205 1259 1258 praemia
1281 1204 1531 1258 eloquentiae
1551 1204 1867 1259 ooyitavissenty

217 1276 333 1318 fama
363 1276 495 1332 igitur
524 1290 573 1317 ea
603 1276 828 1326 indicatur,
861 1291 968 1331 quae
1000 1290 1132 1330 usque
1164 1276 1216 1317 ad
1247 1278 1414 1330 tempus
1436 1275 1695 1331 posteritatis
1727 1274 1852 1315 durat

218 1347 283 1389 vel
317 1347 516 1403 pertinet.
550 1346 709 1388 Eodem
731 1347 853 1388 modo
874 1347 920 1388 in
946 1347 1056 1398 loco,
1090 1347 1139 1389 de
1161 1361 1244 1402 quo
1266 1347 1420 1402 agitur,
1452 1347 1582 1388 verba
1606 1345 1767 1402 «gloria
1798 1345 1850 1386 ad

221 1420 437 1473 posteros»
472 1418 762 1474 intellegenda
804 1421 848 1460 et
887 1419 999 1460 inter
1030 1433 1076 1460 se
1107 1418 1422 1474 coniungenda,
1463 1433 1558 1471 qum
1592 1417 1846 1459 «iactantia»

220 1502 298 1543 pro
329 1502 371 1528 se
405 1488 516 1529 dicta
548 1488 615 1528 sit.
649 1487 917 1529 constructio
947 1489 1168 1529 verborum
1200 1490 1340 1529 autem
1372 1490 1435 1529 est
1465 1487 1642 1529 ablativi
1673 1487 1850 1529 causa-lis

217 1561 262 1600 et
292 1559 492 1603 nonnisi
526 1558 770 1601 diversitate
792 1561 962 1601 nostrae
993 1559 1163 1614 linguae
1194 1559 1255 1609 fit,
1287 1562 1336 1600 ut
1366 1559 1591 1600 dicendum
1622 1560 1743 1601 nobis
1773 1559 1847 1600 sit:

222 1629 349 1670 «aber
381 1642 426 1670 er
455 1628 555 1670 that
584 1629 659 1670 das
691 1639 774 1670 aus
807 1628 1022 1672 Prahlerei
1053 1629 1138 1670 und
1160 1639 1324 1681 wegen
1355 1629 1428 1670 des
1459 1628 1648 1670 Ruhmes
1679 1627 1756 1670 auf
1782 1627 1848 1668 die

219 1698 488 1749 Nachwelt,»
524 1712 609 1753 qua
639 1698 690 1740 de
721 1712 848 1740 causa
879 1699 924 1740 in
956 1698 1143 1740 ablativo
1176 1698 1283 1740 nihil
1317 1698 1591 1742 difficultatis,
1636 1698 1716 1741 Sed
1750 1713 1847 1755 pro—

216 1770 331 1812 fecto
362 1784 469 1824 opus
492 1783 578 1810 non
600 1771 689 1811 erat
716 1769 955 1811 coniectura
977 1769 1145 1821 Ritteri,
1178 1771 1252 1824 qui
1278 1770 1444 1824 «apud»
1470 1770 1649 1811 scribere
1670 1770 1846 1820 mavult,

218 1839 330 1896 quod
361 1839 452 1882 iure
484 1838 732 1881 Wolfflinus
763 1840 791 1882 l.
824 1840 851 1882 l.
885 1840 1051 1885 refellit.
1086 1839 1333 1882 Simillimus
1365 1842 1429 1882 est
1458 1840 1574 1883 locus
1605 1840 1650 1882 in
1681 1839 1734 1882 H.
1770 1839 1847 1892 ΠΙ,

219 1912 289 1962 80,
322 1912 347 1953 5
380 1925 506 1965 quem
538 1925 665 1966 supra
697 1911 932 1953 accuratius
963 1912 1251 1956 tractavimus.
1284 1911 1432 1966 Neque
1453 1915 1565 1953 recte
1587 1912 1637 1953 de
1658 1911 1725 1952 his
1746 1912 1848 1953 locis

219 1980 413 2022 Handius
456 1981 501 2022 in
544 1981 666 2022 Turs.
700 1980 732 2021 I.
766 1996 807 2035 p.
841 1982 897 2023 95
940 1970 1192 2037 disputavit,
1235 1982 1459 2023 Walchius
1492 1985 1656 2034 autem,
1698 1982 1771 2036 qui
1803 1982 1846 2023 in

219 2051 601 2095 Emendationibus
643 2050 833 2094 Liviauis
876 2068 916 2108 p.
951 2054 1006 2095 46
1045 2053 1096 2096 de
1137 2054 1345 2096 similibus
1375 2053 1478 2095 locis
1510 2052 1698 2095 Livianis
1729 2053 1849 2095 Taci-

220 2122 386 2178 teisque
415 2122 629 2173 disseruit,
662 2125 775 2165 recte
807 2123 989 2166 addidit:
1028 2124 1074 2166 in
1105 2123 1173 2166 his
1203 2124 1305 2166 locis
1337 2116 1595 2166 Graecorum
1626 2126 1849 2167 consuetu·

219 2194 361 2235 dinem
404 2197 448 2234 et
489 2193 690 2247 antiquae
732 2194 960 2235 locutionis
997 2209 1120 2236 usum
1151 2194 1363 2235 historicis
1394 2194 1581 2236 studiose
1611 2194 1849 2249 quaesitum

220 2263 406 2320 suppleri
437 2263 538 2319 quid
570 2266 725 2307 vetare.
764 2291 812 2295 -

340 2335 380 2377 5.
414 2333 608 2389 Denique
639 2337 786 2386 restat,
830 2338 879 2377 ut
910 2335 1115 2390 quasdam
1147 2335 1349 2377 formulas
1382 2335 1634 2387 adferamus,
1681 2336 1725 2377 in
1757 2336 1848 2392 qui-

219 2406 299 2446 bus
336 2405 438 2446 «ad»
474 2405 678 2459 temporis
710 2406 876 2446 notioni
908 2406 1177 2461 adiungatur,
1209 2409 1354 2447 tamen
1374 2409 1423 2447 ut
1453 2407 1706 2461 significatio
1727 2422 1849 2462 prae-

221 2474 442 2531 positionis
472 2477 675 2520 mutetur.

340 2545 409 2587 Sic
441 2544 499 2587 ad
529 2546 713 2599 tempus
745 2547 902 2588 dieitur
933 2561 1008 2601 pro
1044 2548 1139 2588 «fiir
1169 2547 1310 2602 einige
1332 2547 1436 2598 Zeit,
1469 2547 1561 2589 eine
1583 2547 1675 2588 Zeit
1706 2547 1846 2602 lang,»

222 2631 347 2671 quem
379 2631 502 2659 usum
532 2616 617 2659 iam
649 2616 891 2660 Ciceronem
934 2617 1091 2660 habere
1135 2616 1325 2659 Handius
1367 2618 1411 2659 in
1456 2618 1574 2660 Turs.
1607 2618 1646 2670 I,
1690 2633 1731 2673 p.
1767 2619 1848 2660 127

225 2687 541 2730 demonstravit.
606 2687 815 2744 Exempla
846 2688 1021 2730 Tacitea
1051 2690 1151 2730 sunt
1180 2687 1226 2729 in
1257 2687 1309 2730 D.
1344 2689 1412 2740 32,
1459 2690 1477 2730 1
1514 2690 1602 2732 Neo
1631 2690 1851 2744 quisquam

220 2759 462 2812 respondeat
506 2760 696 2813 sufficere
740 2763 787 2800 ut
831 2760 891 2801 ad
934 2763 1095 2813 tempus
1134 2759 1311 2812 simplex
1346 2761 1561 2813 quiddam
1579 2764 1617 2802 et
1645 2761 1852 2814 uniforme

221 2829 465 2881 doceanzur‚·
494 2828 548 2871 A.
581 2828 657 2879 IV,
694 2830 761 2880 19,
793 2830 819 2871 2
851 2830 922 2873 hos
950 2830 1111 2885 corripi
1140 2829 1269 2873 dilato
1298 2830 1357 2872 ad
1384 2834 1544 2884 tempus
1576 2830 1730 2874 Sabino
1752 2831 1851 2884 pla-

220 2900 357 2942 citum.
408 2898 692 2955 Nipperdeius
723 2915 808 2942 non
842 2916 1010 2956 prorsus
1040 2904 1152 2943 recte
1174 2901 1318 2944 vertit:
1355 2902 1448 2944 «fiir
1468 2902 1550 2944 den
1571 2902 1850 2958 Augenblick‚
