2071 3219
888 113 1178 155 —28-

214 240 255 291 5,
287 241 314 281 9
337 253 467 294 usque
495 240 554 283 ad
577 241 735 292 flumen
756 240 1017 294 Euphraten,
1047 245 1243 295 quantum
1263 265 1310 271 —
1332 243 1532 291 ambitum
1565 243 1635 293 47,
1670 243 1724 283 10
1753 255 1847 285 con-

212 310 377 352 tinuum
405 324 534 364 usque
562 310 620 352 ad
637 311 885 363 proximum
911 310 1143 360 castellum3
1191 309 1311 363 XIII,
1343 311 1413 363 40,
1463 312 1516 354 14
1545 311 1760 355 adsultare
1792 337 1845 344 —

211 393 292 422 non
321 393 449 435 usque
477 379 536 426 ad
566 380 687 423 ictum
709 380 800 431 teli3
824 379 918 433 XV,
940 380 1011 433 42,
1034 381 1060 422 8
1073 381 1235 435 fossam
1263 394 1392 436 usque
1421 382 1480 423 ad
1508 382 1616 425 ostia
1650 381 1847 425 Tiberina

212 451 478 503 depressuros
503 452 801 503 promiserant.
825 476 878 481 --
894 450 963 492 Ad
985 466 1094 505 quae
1116 451 1321 493 accedunt
1353 453 1558 507 exempla,
1591 452 1663 494 ubi
1693 453 1747 494 ad
1773 450 1847 494 ab·

213 517 421 562 structas
452 516 665 563 notiones
702 535 857 575 «usque
887 520 964 563 ad»
993 520 1216 577 pertineat,
1240 535 1336 564 cum
1353 523 1481 564 antea
1511 536 1680 578 prorsus
1701 521 1847 565 eadem

213 589 378 632 ratione
409 589 592 645 simplici
625 590 935 646 praepositione
956 606 1077 632 usum
1106 605 1196 633 esse
1227 590 1426 633 Tacitum
1459 588 1846 647 bognoverimus:¹)

213 657 437 713 progredi
478 671 626 715 usque
664 659 740 704 ad:
782 661 827 702 in
873 661 928 705 H.
970 661 1037 713 II,
1082 662 1162 713 23,
1201 662 1225 704 7
1269 675 1397 716 usque
1431 663 1490 704 ad
1519 687 1577 694 —
1607 663 1847 705 seditionem

206 744 493 786 proyressam.
524 727 685 774 venire
717 740 857 786 usque
881 728 957 774 ad:
979 731 1022 774 in
1045 731 1098 775 A.
1122 730 1237 783 XIV,
1270 731 1346 784 42,
1383 732 1406 774 7
1437 746 1565 787 usque
1594 733 1652 776 ad
1681 733 1848 776 seditio-

212 814 305 843 nem
335 805 499 844 ventum
529 806 599 844 est.
631 801 884 855 penetrare
917 812 1061 856 usque
1094 800 1170 844 ad:
1204 802 1249 844 in
1279 802 1333 846 A.
1365 802 1458 855 XV,
1483 804 1552 854 20,
1577 805 1603 844 3
1636 817 1765 858 usque
1791 803 1849 845 ad

212 872 500 914 contumeliam
528 877 696 916 senatus
721 877 1023 925 penetraverat.
1052 870 1296 926 pervenire
1329 871 1387 914 1111
1412 897 1458 902 -
1490 874 1659 929 usque,
1684 876 1849 915 servata

215 940 393 996 antiqua
414 942 691 985 collocatione
713 943 783 997 (cf.
802 958 834 986 s,
854 943 882 988 l.
900 942 950 988 B.
968 943 1013 998 b)
1034 943 1078 985 in
1111 942 1162 986 D.
1187 944 1227 995 8,
1259 944 1285 986 9
1318 944 1376 987 ad
1404 957 1532 999 quam
1559 958 1688 999 usque
1714 944 1847 997 fortu-

212 1025 313 1053 nam
343 1012 526 1054 homines
562 1035 611 1041 —-
639 1014 918 1065 pervenerint.
940 1037 995 1043 -—

333 1080 385 1124 V.
420 1080 553 1124 Paulo
584 1082 709 1124 aliter
740 1098 838 1124 usus
868 1083 939 1125 ille
970 1086 1239 1139 comparatus
1271 1085 1348 1135 est,
1380 1083 1415 1125 si
1443 1082 1687 1126 directionis
1708 1083 1847 1126 minus

215 1151 378 1193 ratione
409 1151 558 1194 habita
588 1152 632 1194 in
665 1153 887 1195 vicinitate
917 1154 999 1196 loci
1031 1157 1075 1195 et
1107 1153 1151 1195 in
1174 1154 1429 1196 remanendo
1450 1154 1494 1195 in
1516 1153 1736 1196 vicinitate
1758 1154 1848 1195 eius

214 1237 425 1264 summum
455 1225 718 1265 momentum
751 1224 935 1279 positum
967 1227 1044 1276 est,
1077 1227 1216 1266 tamen
1262 1228 1310 1266 ut
1354 1224 1477 1266 facile
1513 1224 1573 1266 sit
1613 1224 1846 1274 intellectu,

217 1293 353 1335 inesse.
384 1293 629 1337 directionis
660 1293 767 1346 vini,
800 1309 895 1337 cum
933 1294 977 1337 in
1009 1294 1061 1337 iis
1093 1294 1216 1347 locis,
1262 1294 1335 1337 ubi
1384 1294 1488 1337 «ad»
1523 1293 1848 1351 praepositionis

218 1364 379 1420 «apud»
441 1363 530 1406 vice
575 1364 772 1422 fungitur
814 1366 864 1407 de
913 1365 1225 1421 significatione
1266 1365 1507 1407 directionis
1550 1365 1722 1407 omnino
1762 1379 1846 1406 non

215 1435 400 1488 amplius
433 1435 660 1489 cogitatur.
724 1436 856 1484 Quem
888 1437 1077 1477 ordinem
1108 1436 1395 1490 exemplorum
1425 1435 1619 1477 Handins
1649 1436 1694 1477 in
1725 1435 1844 1477 Turs.

214 1503 249 1554 I,
282 1519 322 1559 p.
355 1504 410 1546 89
442 1504 504 1546 ita
534 1504 878 1561 comprehendit:
911 1505 1149 1562 significare
1184 1505 1287 1547 «ad»
1324 1504 1663 1548 coniunctionem
1690 1519 1844 1556 rerum,

215 1589 322 1629 quae
354 1589 543 1617 annexae
566 1576 640 1618 ,vel
674 1576 890 1631 appositae
922 1579 1063 1618 essent
1085 1577 1149 1617 vel
1171 1576 1366 1618 admotae
1389 1576 1641 1620 viderentur.
1695 1575 1846 1630 Itaque

214 1644 249 1687 si
281 1644 462 1701 exempli
493 1660 619 1688 causa
649 1645 692 1688 in
726 1645 776 1688 A.
809 1645 903 1699 XV,
936 1647 1013 1699 57,
1047 1647 1073 1689 9
1105 1646 1312 1703 legimus:
1352 1646 1483 1689 vinclo
1514 1671 1570 1677 —
1602 1651 1647 1689 iu
1681 1646 1848 1689 modum

214 1716 352 1771 laquei
383 1717 440 1759 ad
470 1731 622 1759 areum
650 1717 775 1760 sellae
805 1719 1003 1769 restricto,
1036 1732 1121 1759 non
1152 1720 1240 1758 tam
1270 1717 1459 1768 interest,
1497 1732 1599 1758 num
1632 1717 1846 1758 vinculum

215 1801 347 1841 usque
379 1787 435 1829 ad
465 1802 610 1829 areum
642 1788 769 1830 sellae
800 1788 1018 1838 referatur,
1051 1788 1124 1829 sed
1154 1802 1256 1829 num
1295 1787 1338 1829 in
1381 1802 1480 1829 arcu
1522 1787 1746 1843 religatum
1791 1786 1848 1829 sit

215 1859 493 1912 maneatque3
526 1857 721 1900 similiter
751 1858 794 1900 in
828 1858 878 1901 G.
914 1860 952 1910 3,
987 1859 1012 1900 8
1043 1859 1208 1901 obiectis
1237 1859 1296 1901 ad
1318 1873 1364 1901 os
1392 1859 1536 1907 souti&
1569 1859 1619 1901 A.
1651 1857 1744 1909 XV,
1777 1858 1846 1909 58,

219 1928 270 1970 15
312 1928 403 1971 iam
442 1943 613 1971 manum
655 1930 713 1971 ad
743 1929 940 1983 capulam
977 1930 1211 1983 referentis;
1256 1928 1451 1971 similiter
1481 1929 1608 1971 etiam
1638 1928 1741 1970 illud
1782 1930 1847 1971 iu-

214 1999 399 2040 cumbere
429 1999 488 2041 ad
517 1999 683 2053 aliquid
713 1999 1044 2054 intellegendum
1076 1999 1119 2040 in
1149 1999 1202 2040 H.
1235 1999 1313 2050 111,
1349 2001 1428 2052 32,
1462 2000 1487 2041 6
1518 2004 1647 2042 vetere
1675 2000 1768 2042 odio
1788 2000 1847 2041 ad

213 2070 423 2113 excidium
454 2068 789 2114 Cremonensium
829 2071 1034 2123 incubuit,
1082 2072 1125 2113 et
1164 2070 1210 2112 in
1242 2069 1295 2115 A.
1327 2069 1412 2122 III,
1453 2072 1527 2122 33,
1573 2071 1627 2113 13
1657 2070 1847 2114 incedere

214 2141 323 2182 inter
364 2140 539 2193 milites,
579 2141 727 2184 habere
762 2142 822 2183 ad
863 2155 1037 2183 manum
1076 2142 1352 2192 centuriones,
1376 2155 1490 2182 ‘nam
1530 2129 1638 2195 qnae
1669 2141 1762 2195 quis
1793 2141 1845 2181 ad

311 2280 338 2327 1)
363 2281 431 2317 His
448 2281 624 2327 exempla
640 2293 795 2318 numero
811 2292 931 2327 pauca
945 2280 1053 2322 addo,
1078 2280 1117 2315 in
1143 2279 1279 2325 quibus
1303 2278 1344 2314 in
1360 2299 1404 2304 —
1422 2288 1542 2324 usque
1568 2280 1614 2316 de
1638 2279 1719 2316 loco
1743 2280 1845 2316 dica-

214 2342 292 2380 tur,
328 2351 415 2374 nam
440 2340 562 2375 altera
587 2339 850 2380 collocatione,
889 2341 932 2374 ut
956 2339 1139 2374 vocabula
1163 2347 1282 2382 usque
1307 2337 1349 2371 111
1373 2350 1411 2374 se
1437 2338 1648 2384 excipiant,
1673 2350 1746 2374 non
1772 2338 1846 2372 nisi

215 2397 402 2436 translato
427 2410 538 2435 sensu
563 2398 714 2434 Tacitus
740 2397 878 2439 utitur,
918 2397 979 2442 (cf.
1006 2396 1239 2433 Wolfflinum
1272 2395 1312 2432 in
1337 2396 1471 2432 Philol.
1497 2396 1655 2438 XXVII,
1679 2408 1715 2443 p.
1744 2395 1844 2441 139):

215 2456 285 2501 Ag.
310 2456 367 2497 28,
395 2457 439 2491 15
464 2457 575 2492 donec
599 2458 639 2491 in
666 2457 818 2491 Chattos
841 2467 954 2500 usque
978 2457 1155 2499 sinuetur,
1180 2467 1253 2500 quo
1278 2467 1363 2490 cum
1386 2455 1467 2491 loco
1484 2455 1530 2490 cf.
1544 2456 1602 2495 44,
1627 2456 1661 2495 6,
1685 2456 1846 2491 civitates

214 2516 308 2552 sitae
331 2516 372 2551 in
397 2515 580 2552 Oceanum
588 2529 601 2560 ,-
634 2515 679 2550 H.
706 2515 741 2557 Ι,
767 2515 831 2556 39,
867 2515 889 2549 2
914 2515 1059 2551 vocibus
1083 2514 1124 2549 in
1148 2514 1268 2550 urbem
1294 2525 1404 2560 usque
1428 2513 1692 2550 resonantibus.
1722 2512 1845 2550 Semel

216 2586 362 2619 quoque
388 2574 428 2609 in
454 2575 497 2609 D.
526 2576 585 2616 17,
623 2576 688 2618 27,
728 2577 770 2610 ut
805 2575 843 2609 in
879 2574 999 2619 primo
1036 2574 1133 2608 libro
1165 2573 1204 2608 in
1237 2573 1437 2618 temporali
1462 2572 1752 2617 praepositionis
1776 2585 1846 2608 usu

216 2633 373 2669 eandem
400 2633 683 2683 collocationem
701 2633 875 2670 retinuit:
900 2634 943 2668 in
957 2633 1115 2669 medium
1131 2643 1243 2678 usque
1261 2632 1423 2677 Auyusti
1435 2631 1696 2676 principatum.
1721 2631 1846 2668 Aliter

215 2692 255 2726 in
281 2692 425 2728 duobus
449 2692 607 2737 reliquis
633 2692 829 2737 exemplis,
855 2703 951 2736 quae
977 2692 1064 2726 sunt
1088 2691 1127 2725 in
1153 2691 1198 2725 H.
1224 2691 1252 2731 Ι,
1278 2691 1334 2731 45,
1361 2691 1381 2724 7
1406 2691 1576 2735 usquein
1592 2694 1767 2725 extremas
1790 2701 1846 2726 res

215 2752 389 2794 amicum,·
413 2751 479 2792 ΙΙΙ,
506 2751 562 2791 56,
591 2750 632 2784 14
651 2762 762 2796 usque
778 2751 819 2785 in
835 2754 992 2786 extrema
1006 2750 1237 2785 obstinatum.
1265 2748 1415 2785 Duobus
1433 2747 1595 2793 denique
1613 2748 1704 2784 locis
1722 2750 1843 2784 trans-

216 2809 294 2845 late
319 2810 432 2845 verba
456 2810 701 2854 usurpant-ur,
726 2808 765 2843 in
792 2809 838 2843 H.
865 2809 937 2850 III,
964 2809 1026 2849 80,
1055 2808 1097 2842 14
1123 2819 1235 2853 usque
1259 2808 1299 2842 in
1324 2808 1477 2843 coeitium
1501 2810 1714 2852 temerasset,
1741 2810 1780 2843 et
1805 2808 1844 2843 in

216 2867 259 2900 A.
285 2868 340 2909 II,
366 2869 431 2907 62,
468 2869 509 2907 3,
547 2866 624 2901 solo
657 2867 809 2901 omnino
841 2866 922 2901 loco
946 2866 1166 2906 Annalium,
1203 2867 1243 2900 in
1268 2878 1341 2909 quo
1364 2873 1485 2908 usque
1509 2865 1779 2910 praepositioni
1804 2864 1845 2900 in

216 2925 391 2962 additum
417 2925 483 2968 sit3
508 2924 625 2961 verba
650 2926 752 2961 sunt:
776 2928 886 2971 utque
911 2944 952 2950 -—·
980 2935 1093 2971 usque
1117 2924 1158 2960 in
1181 2924 1335 2961 exitium
1359 2923 1595 2961 insisteretur.
