2071 3219
153 248 373 293 aoeedendi
408 249 475 293 vel
518 249 730 294 adserendi
774 249 893 293 notio
924 252 999 293 aut
1035 248 1190 301 verbis,
1227 249 1475 305 quibuscum
1517 249 1775 306 praepositio

151 321 214 362 ita
244 320 505 363 construitur
534 321 658 372 inest,
692 323 765 363 aut
794 321 839 361 in
870 320 1062 362 formulis
1092 317 1356 374 quibusdam,
1378 320 1530 375 quibus
1552 321 1774 376 scriptores

152 404 277 445 saepe
309 392 553 442 utebantur,
586 392 846 446 cogitatione
876 390 1111 445 supplenda
1142 393 1219 431 est.
1265 400 1527 443 comparare
1555 389 1613 432 ad
1643 391 1688 433 in
1719 391 1773 433 A.

151 458 247 513 XII,
282 460 349 513 18,
383 460 407 503 7
439 461 570 517 iyitur
599 460 709 504 calta
738 460 930 515 vultuque
958 472 1083 515 quam
1112 460 1296 502 maxime
1325 460 1382 502 ad
1402 465 1663 514 praesentem
1686 462 1775 515 for·

151 527 298 573 tunamv
323 537 568 585 comparato.
630 529 847 583 derigere
879 529 938 572 ad
968 531 1013 572 in
1044 531 1097 572 A.
1129 531 1206 581 IV,
1222 532 1309 580 Δ40,
1331 533 1356 572 5
1372 533 1615 584 principum
1636 532 1775 574 diver-

150 617 243 645 sam
279 616 361 645 esse
401 606 566 653 sortem,
613 602 760 655 quibus
791 601 1025 655 praecipua
1059 615 1199 644 rerum
1239 602 1297 645 ad
1330 602 1492 656 famam
1532 601 1774 658 deriyenda.

152 669 359 726 dirigere
393 669 451 715 ad
480 673 525 714 in
556 671 609 715 D.
643 674 680 724 5,
718 672 769 714 19
801 684 899 714 nam
927 672 966 715 si
996 672 1054 714 ad
1078 672 1296 714 utilitatem
1316 673 1423 715 vitae
1443 674 1582 715 omnia
1601 672 1775 716 consilia

146 746 341 798 factaque
369 748 513 786 nostra
542 744 768 797 dirigenda
804 748 911 787 sunt.
965 741 1329 785 accommodatus
1372 741 1430 785 ad
1477 744 1521 785 in
1568 743 1619 785 A.
1658 743 1773 795 XIV,

150 816 224 866 62,
277 816 303 856 2
349 815 494 856 varias
536 827 668 855 ser-mo
713 818 750 855 et
799 814 855 855 ad
899 818 1050 856 ‘tiletum
1098 818 1220 867 atque
1270 814 1383 856 iram
1437 815 1773 856 accommodatas.

150 882 341 927 flectere
390 881 447 926 ad
492 883 536 926 in
580 886 632 928 A.
681 882 755 936 IV,
806 884 873 934 16,
928 884 981 926 12
1015 882 1037 908 *
1066 884 1173 927 sicut
1218 884 1435 939 Auyustas
1473 885 1677 939 quaedam
1717 885 1776 927 ad

145 959 403 1008 praesentem
431 968 552 995 asam
586 955 792 1005 flexisset,
836 955 908 995 ubi
939 953 1223 1008 Nipperdeius
1266 955 1438 995 verbum
1480 957 1591 995 reete
1623 955 1772 996 vertit:

150 1024 417 1080 umyestaltet,
449 1024 666 1080 yemildert
694 1024 807 1067 habe.
847 1049 902 1055 --
938 1023 991 1068 A.
1015 1023 1110 1076 XII,
1143 1025 1182 1075 6,
1206 1025 1231 1066 9
1264 1027 1285 1049 *
1313 1024 1469 1067 vidisse
1491 1025 1604 1079 ipsos
1635 1024 1775 1078 abripi

149 1097 334 1151 eoniaqes
370 1096 444 1138 ad
484 1096 641 1137 libita
689 1096 1006 1137 Caesarum.
1041 1119 1087 1125 -—
1126 1095 1178 1137 A.
1211 1095 1250 1145 Ι,
1285 1097 1328 1146 1,
1362 1097 1387 1137 2
1428 1096 1660 1138 dictaturae
1698 1096 1774 1137 ad

149 1172 365 1220 tempus
395 1168 775 1217 sumwbantvw,
807 1166 848 1207 h.
883 1181 918 1208 e.
952 1166 1057 1207 uach
1090 1166 1171 1208 den
1203 1166 1568 1216 Zeissumstanden,
1598 1181 1772 1221 vprorsus

149 1237 293 1279 eodem
325 1237 448 1279 modo
478 1239 604 1292 atque
636 1236 681 1278 in
712 1235 765 1279 A.
799 1235 893 1287 XII,
929 1236 997 1287 18,
1032 1237 1055 1278 7
1088 1236 1258 1278 dictum.
1321 1235 1382 1278 Cf.
1417 1236 1545 1278 etiam
1569 1236 1707 1278 locum
1728 1236 1772 1277 in

148 1308 201 1349 A.
232 1308 260 1348 l.
294 1307 367 1359 VI,
403 1308 470 1358 17,
503 1309 527 1348 2
560 1308 606 1349 iit
637 1311 795 1360 tempus
824 1307 1079 1360 delmebatur
1109 1310 1152 1349 et
1182 1307 1320 1348 Hand.
1352 1307 1471 1349 Turs.
1504 1307 1552 1358 I,
1599 1322 1639 1362 p.
1675 1307 1770 1348 127.

149 1403 204 1409 -
236 1376 288 1421 D.
323 1378 388 1430 30,
422 1378 477 1419 30
508 1381 602 1431 apte
632 1378 766 1420 dicere
788 1390 871 1431 pro
901 1377 1107 1433 diqnitate
1135 1391 1290 1430 reram,
1323 1378 1456 1420 ad—
1474 1378 1773 1421 utilitatem

148 1454 474 1502 temporum.

262 1520 369 1562 Tum
412 1521 552 1562 autem
593 1520 639 1560 in
680 1519 871 1562 formulis
913 1518 1161 1574 quibusdam
1210 1519 1388 1561 eundem
1436 1535 1558 1561 usum
1603 1519 1772 1562 Tacitus

145 1591 287 1644 habet,
311 1605 417 1646 quae
449 1593 570 1633 sunt:
595 1599 724 1643 quem
755 1586 812 1632 ad
834 1586 1028 1632 modum:
1053 1590 1099 1632 in
1129 1589 1182 1635 D.
1206 1591 1275 1641 33,
1302 1590 1346 1640 7;
1369 1590 1414 1632 in
1436 1590 1585 1634 ceteris
1605 1591 1772 1647 scriptis

145 1662 376 1704 minoribus
408 1663 451 1702 et
480 1661 525 1702 in
557 1660 756 1702 Historiis
788 1675 874 1702 non
905 1660 1140 1709 invenitur;
1174 1660 1224 1703 A.
1258 1660 1334 1711 III,
1369 1662 1437 1712 55,
1474 1662 1549 1710 183
1590 1662 1665 1713 VI,
1697 1663 1768 1712 30,

148 1732 224 1783 13;
257 1732 326 1782 54,
350 1732 399 1781 8;
431 1730 549 1782 ΧΙΙΙ,
574 1732 613 1781 6,
647 1731 686 1774 4.
750 1728 806 1772 ad
839 1731 1071 1785 morem:¹)
1093 1731 1137 1771 in
1161 1730 1214 1772 H.
1235 1730 1284 1782 V,
1308 1732 1349 1782 6,
1373 1732 1397 1773 5
1417 1732 1564 1787 fruyes
1583 1736 1770 1775 nostrum

143 1802 200 1845 ad
229 1816 382 1845 morem
394 1817 409 1853 ,⁴
440 1801 490 1844 A.
523 1800 601 1853 ΙΠ,
626 1802 694 1853 53,
730 1803 781 1844 16
812 1802 840 1856 †
870 1802 973 1855 quid
985 1802 1098 1844 enim
1119 1803 1311 1855 primam
1340 1802 1559 1855 prohibere
1587 1806 1625 1845 et
1646 1804 1768 1857 pris-

143 1886 235 1915 cum
264 1874 322 1915 ad
351 1886 503 1915 morem
533 1873 714 1914 recidere
743 1872 995 1927 adgrediam
1025 1871 1078 1924 V,
1115 1875 1151 1923 1,
1179 1873 1230 1913 12
1258 1874 1475 1915 sanctitate
1494 1874 1638 1915 domus
1650 1875 1768 1927 pris-

142 1957 234 1986 cum
264 1944 321 1986 ad
350 1958 515 1996 morem,
547 1943 620 1985 ubi
652 1943 779 1985 verba
802 1944 934 1996 prisc.
966 1943 1024 1986 ad
1052 1957 1107 1985 m.
1141 1957 1216 1998 pro
1247 1943 1452 1986 adiectivo
1482 1944 1619 1999 posita.
1649 1947 1765 1994 sunt;

144 2013 194 2059 A.
226 2013 341 2067 XIV,
374 2015 443 2066 20,
478 2014 502 2055 2
535 2013 592 2056 ad
620 2027 772 2056 morem
805 2013 959 2057 Graeci
990 2013 1245 2075 certaminis,
1271 2013 1324 2058 ef.
1357 2014 1435 2056 sub
1470 2015 1763 2058 «secundum».

142 2081 199 2126 ad
222 2082 476 2137 formam22)
498 2085 540 2126 in
565 2084 618 2128 H.
642 2084 676 2135 I,
699 2085 739 2135 5,
774 2085 827 2126 16
849 2098 920 2127 nee
939 2084 1048 2127 enim
1068 2085 1126 2126 ad
1146 2085 1252 2127 hane
1274 2086 1457 2139 formam
1478 2090 1609 2128 cetera
1627 2090 1764 2134 eramt‚·

143 2155 196 2197 A.
228 2155 316 2206 IV,
350 2157 428 2206 72,
463 2156 506 2203 7;
548 2155 629 2204 VI,
668 2156 750 2204 23,
786 2156 851 2197 17.
890 2180 934 2185 —
971 2154 1022 2196 A.
1054 2155 1139 2206 ΠΙ,
1174 2156 1250 2206 33,
1293 2157 1319 2196 9
1351 2156 1589 2198 Romanum
1618 2171 1766 2211 aymen

83 2239 85 2241 ’
142 2226 216 2268 ad
247 2226 680 2269 similitudinem
705 2225 875 2268 barbari
906 2227 1087 2269 incessus
1108 2229 1351 2269 com-ertant.
1376 2222 1434 2268 ad
1446 2224 1698 2281 exemplum
1721 2226 1763 2268 in

142 2296 195 2339 A.
223 2296 318 2347 XII,
343 2298 412 2347 69,
436 2297 461 2337 8
486 2297 695 2350 promisso
716 2297 907 2340 donativo
937 2298 996 2340 ad
1024 2297 1252 2350 eccemplum
1275 2301 1479 2351 paternae
1508 2298 1767 2352 tammonis-3

142 2366 234 2419 XV,
268 2368 338 2419 23,
372 2367 398 2409 8
431 2371 637 2411 certamen
666 2367 723 2410 ad
752 2367 963 2422 exemplar
992 2368 1190 2412 Actiacae
1219 2368 1435 2424 reliyimiis
1463 2367 1678 2421 decretum,
1710 2367 1761 2410 cf.

141 2438 220 2480 sub
253 2438 549 2481 «secundum».
921 2444 925 2446 ’

259 2508 433 2551 Duobus
463 2512 631 2551 tantum
661 2510 763 2551 locis
792 2510 949 2566 legitur
989 2509 1187 2552 formula:
1231 2506 1289 2551 ad
1311 2506 1484 2550 modum
1526 2510 1571 2550 in
1609 2509 1659 2551 A.
1703 2508 1760 2560 Π,

143 2580 213 2631 37,
245 2581 272 2622 9
303 2581 360 2623 ad
387 2581 496 2623 hunc
524 2581 691 2623 modam
721 2581 916 2635 idemque
945 2581 990 2623 in
1020 2581 1048 2623 l.
1081 2580 1156 2633 VI,
1191 2580 1258 2632 14,
1291 2582 1337 2632 3,
1370 2595 1464 2622 eum
1511 2579 1608 2622 LXI
1646 2579 1761 2632 locis,

142 2649 215 2704 qui
247 2664 323 2706 per
355 2650 497 2693 omnia
538 2650 696 2707 scripta
733 2649 919 2706 (praeter
949 2650 1195 2707 Dialogum)
1236 2650 1533 2703 inveniuntur,
1580 2650 1762 2692 formula

143 2721 186 2762 in
219 2722 386 2764 modum
417 2737 493 2778 pro
525 2737 573 2764 ea
603 2724 803 2778 usurpata
834 2722 899 2766 sit.

263 2826 290 2872 ¹)
316 2823 357 2861 iu
376 2834 540 2861 morem:
571 2826 613 2863 G.
640 2827 672 2869 6,
700 2826 762 2869 11;
797 2827 851 2869 16,
884 2827 906 2861 4
932 2829 970 2864 et
994 2828 1051 2870 25,
1085 2828 1100 2862 1
1127 2831 1292 2864 nostrum
1321 2839 1471 2874 morem,·
1506 2827 1552 2863 H.
1577 2827 1624 2874 Π,
1655 2828 1712 2870 70,
1737 2827 1760 2863 9

141 2886 280 2931 regium
302 2886 344 2922 in
367 2897 496 2923 morem
503 2900 517 2932 ,·
541 2886 583 2922 A.
608 2886 672 2928 XI,
699 2886 753 2928 16,
780 2886 802 2921 6
825 2887 865 2922 in
887 2888 1052 2932 patrium
1075 2891 1306 2933 nostrumque
1328 2898 1469 2923 morem.

262 2942 293 2990 ²)
315 2941 357 2978 in
376 2942 556 2979 formam:
581 2946 624 2981 A.
649 2945 750 2987 XIII,
773 2946 831 2987 41,
857 2946 899 2981 21
918 2947 959 2982 in
976 2946 1122 2982 eandem
1135 2947 1308 2992 formam;
1332 2946 1412 2988 XV,
1436 2946 1492 2986 24,
1518 2945 1540 2981 2
1565 2946 1635 2988 iti-3
1660 2945 1759 2989 XVI,

145 3000 176 3043 1,
201 3002 223 3036 6
246 3002 290 3039 in
310 3005 467 3049 formam
485 3004 671 3050 pecuniae.
1552 3017 1567 3033 v
