2071 3219
931 85 1218 126 -50-

259 211 375 254 libris
407 224 495 253 non
525 213 649 253 esset.
684 210 889 253 Futurum
910 211 1022 253 enim
1042 213 1212 267 tempus
1241 211 1352 253 hanc
1380 212 1638 255 sententiam
1668 211 1886 267 exprimit:

261 281 440 337 «(ποιιιι
460 280 538 322 wir
557 280 616 322 sie
638 279 898 335 erwfihnen),
930 295 982 338 zu
1013 280 1214 324 welchem
1235 281 1386 336 Zweck
1407 281 1575 324 werden
1595 282 1672 324 wir
1690 281 1751 324 sie
1770 281 1884 324 daun

255 350 524 401 erwiihnen,»
561 364 670 404 quae
691 350 879 404 proxime
901 351 1063 392 aceedit
1093 351 1146 392 ad
1176 352 1260 393 vim
1284 351 1553 395 coniunctivi.
1586 350 1675 392 Nos
1706 351 1884 393 eundem

254 436 376 463 usum
398 420 444 462 in
464 419 837 462 exclamationibus
856 419 1075 473 habemus,
1106 421 1253 476 quales
1273 424 1392 464 sunt:
1430 421 1524 463 «ich
1547 420 1686 463 werde
1713 435 1761 463 so
1782 420 1882 464 tho-

253 491 365 534 richt
395 491 499 541 sein,
532 491 606 532 das
633 505 683 532 zu
704 490 859 533 thum»
893 490 938 532 in
969 491 1122 546 quibus
1152 491 1280 533 etiam
1311 505 1387 533 nos
1418 506 1505 534 non
1524 491 1576 534 de
1597 491 1742 534 futuro
1773 495 1882 533 tem-

254 577 353 617 pore
384 562 455 604 sed
486 562 537 603 de
568 562 784 616 praesenti
815 562 1074 617 cogitamus,
1106 562 1148 606 h.
1181 577 1216 604 e.
1248 562 1318 604 ich
1349 562 1423 604 bin
1453 561 1573 604 nicht
1603 576 1650 604 so
1679 561 1880 607 thor-ioht.

256 656 306 661 —
341 632 462 682 Quod
493 631 546 672 ad
578 631 760 673 alterum>
790 635 1089 687 argumentum
1120 631 1332 674 Wslfflini
1363 632 1532 683 attinet,
1576 632 1687 687 quod
1716 632 1762 673 in
1791 631 1880 674 An-

252 704 419 744 nalibus
450 702 624 744 Tacitus
654 716 820 756 semper
850 702 979 744 dicat:
1020 700 1263 744 memorabo
1294 706 1336 743 et
1366 699 1616 758 memoravi,
1648 717 1878 757 numquam

251 772 405 829 plurali
435 785 612 814 numero
643 774 801 822 utatur,
833 771 914 814 hoc
945 767 1115 814 concedi
1147 774 1300 827 potest,
1333 772 1369 814 si
1398 772 1685 827 exceptionem
1706 772 1750 814 in
1772 772 1876 824 loco,

250 844 301 883 de
332 856 415 897 quo
445 842 630 897 agimus,
663 845 712 882 ut
742 842 788 882 in
819 842 1075 897 digressione
1106 843 1341 886 statuimus.
1394 841 1614 884 Praeterea
1644 842 1733 884 eius
1765 842 1877 883 modi

250 913 566 955 observationes
597 912 844 953 utilissimae
875 912 1043 966 quidem
1074 916 1186 962 sunt,
1229 913 1303 954 sed
1333 927 1575 966 numquam,
1616 913 1697 953 nisi
1726 913 1763 953 si
1792 913 1876 954 alia

248 997 376 1025 causa
408 981 580 1033 accedit,
612 984 782 1023 tantum
811 981 862 1023 iis
893 981 1175 1031 tribuendum,
1207 985 1257 1024 ut
1286 982 1538 1037 scripturam
1566 982 1716 1024 codicis
1737 984 1874 1024 mute-

249 1066 351 1094 mus.
399 1051 529 1102 (Nam
574 1051 685 1105 quod
727 1051 806 1091 hoc
837 1051 928 1092 loco
959 1051 1087 1092 codex
1126 1051 1391 1094 memorabim
1421 1051 1610 1102 exhibet,
1656 1051 1725 1093 vix
1758 1052 1873 1093 varia

248 1122 371 1164 lectio
402 1121 613 1163 nominari
645 1121 817 1175 potest.)
869 1120 963 1175 Ipse
1005 1123 1147 1162 autem
1184 1121 1247 1162 vir
1277 1121 1540 1163 doctissimus
1569 1122 1708 1163 locum
1738 1136 1790 1163 ex
1819 1123 1870 1164 A.

245 1192 298 1244 V,
329 1193 396 1243 10,
430 1192 486 1234 20
507 1191 774 1245 desumptum
807 1190 998 1245 protulit,
1029 1190 1103 1232 ubi
1124 1191 1252 1233 verba
1273 1191 1377 1234 sint:
1410 1206 1485 1234 nos
1517 1216 1569 1222 —
1602 1192 1873 1245 comperimus

245 1263 329 1304 Cur
359 1276 445 1303 non
476 1260 624 1302 eodem
655 1260 745 1301 iure
777 1260 834 1301 ibi
864 1260 1000 1301 dicere
1031 1260 1194 1314 potuit:
1227 1274 1306 1316 ego
1338 1284 1391 1289 —
1414 1261 1628 1316 comperi?
1658 1260 1871 1301 similiter-

245 1349 326 1388 que
357 1333 400 1374 in
434 1331 487 1373 A.
519 1330 575 1381 II,
608 1331 677 1381 46,
712 1332 767 1372 33
797 1335 845 1372 ut
873 1331 1119 1382 rettulimus,
1152 1332 1280 1372 verba
1311 1334 1423 1372 sunt.
1456 1331 1524 1373 Ita
1544 1331 1669 1373 etiam
1700 1332 1746 1372 in
1765 1332 1869 1381 loco,

242 1403 294 1445 de
325 1416 409 1458 quo
441 1416 580 1444 sermo
612 1403 688 1452 est,
721 1400 861 1456 pergit
884 1414 975 1456 per:
1008 1401 1135 1453 nobis,
1169 1404 1213 1444 et
1241 1401 1287 1443 in
1310 1416 1348 1446 v.
1374 1401 1428 1444 16
1458 1415 1586 1456 neque
1616 1405 1751 1445 tamen
1771 1401 1870 1445 sile-

241 1471 403 1513 bimus.
425 1495 475 1500 —
496 1471 621 1512 Nunc
641 1474 783 1511 autem
805 1471 1033 1520 videamus,
1065 1485 1191 1524 quam
1204 1471 1450 1511 Wolfflinus
1482 1475 1693 1526 proponat
1724 1472 1869 1511 lectio—

241 1558 352 1587 nem.
384 1541 605 1585 Scribebat
635 1540 769 1582 enim:
801 1540 909 1583 dona
938 1541 984 1583 ob
1013 1541 1111 1583 haec
1140 1541 1303 1594 templis
1332 1542 1507 1584 decreta.
1541 1542 1656 1594 Quae
1686 1556 1779 1584 eum
1812 1542 1870 1584 ad

236 1613 363 1666 finem
391 1611 632 1662 memoravi,
672 1614 718 1651 ut
748 1610 990 1663 quicumque
1018 1612 1057 1652 et
1085 1624 1194 1664 quae
1224 1624 1325 1665 seq„
1358 1610 1623 1665 addiditque·
1669 1611 1747 1653 mit
1776 1611 1869 1654 aoht

239 1682 513 1723 Taciteischer
542 1680 855 1733 Einschiebuny
874 1680 950 1720 der
972 1681 1262 1732 praepositiou
1291 1681 1492 1722 zwisalten
1514 1694 1743 1733 pronomen
1773 1680 1868 1733 (ad-

238 1751 375 1802 iectiv)
403 1750 493 1793 und
521 1748 766 1801 substantia
811 1749 963 1804 aualoy
993 1752 1061 1802 14,
1095 1751 1156 1793 52
1184 1764 1303 1811 quem
1334 1750 1392 1793 ad
1417 1750 1555 1804 finem.
1603 1747 1684 1792 Sed
1714 1765 1867 1805 prono-

239 1835 337 1863 men
372 1820 457 1861 εἰς»
492 1834 724 1874 numquam
745 1818 883 1861 locum
904 1819 1033 1861 habet
1065 1822 1164 1861 ante
1195 1820 1550 1875 praepositionem
1572 1819 1685 1875 apud
1715 1834 1867 1862 aureae

243 1891 396 1933 aetatis
423 1890 658 1944 scriptores,
690 1889 861 1931 Tacitus
885 1903 970 1931 non
990 1889 1072 1931 nisi
1097 1889 1143 1930 in
1165 1890 1416 1943 quibusdam
1441 1890 1644 1939 formulis,
1662 1904 1770 1943 quae
1792 1904 1866 1944 per

239 1960 343 2004 alias
371 1958 702 2017 praepositiones
734 1961 1054 2015 componuntur,
1065 1959 1095 2011 ¹)
1114 1958 1177 2002 ita
1199 1959 1431 2011 collocavit,
1462 1974 1692 2014 numquam
1724 1962 1865 2003 autem

237 2030 378 2087 posuit
398 2042 631 2086 pronomen
654 2031 754 2070 ante
776 2027 1132 2085 praepositionem
1157 2030 1263 2072 «ad»
1298 2029 1366 2085 (de
1387 2042 1470 2085 quo
1501 2028 1553 2071 cf.
1576 2043 1616 2086 p.
1642 2029 1729 2085 71),
1761 2030 1864 2085 quin

359 2190 385 2239 ¹)
410 2191 455 2228 In
479 2190 524 2227 A.
550 2190 614 2233 VI,
641 2190 696 2236 18,
721 2190 743 2226 3
767 2202 810 2227 ea
835 2191 879 2228 de
902 2202 939 2228 re
962 2195 1110 2228 senatus
1134 2191 1333 2228 consultum
1354 2191 1616 2236 postulaverat;
1647 2191 1693 2227 H.
1718 2192 1782 2234 IV,
1806 2193 1864 2235 48,

237 2253 259 2286 2
283 2262 327 2288 ea
343 2251 386 2287 de
403 2249 564 2287 caede—
582 2249 783 2294 eoepediam,
810 2260 907 2294 quae
924 2252 1012 2285 sunt
1036 2249 1115 2286 sola
1140 2249 1315 2295 exempla
1339 2248 1405 2284 nbi
1432 2249 1523 2285 «de»
1549 2251 1760 2295 pronomini
1786 2252 1861 2286 «is»

235 2309 491 2356 postponitur;
518 2308 558 2343 in
584 2308 747 2344 secundo
764 2308 937 2353 scriptori
962 2308 1123 2345 formula
1144 2308 1231 2343 illa:
1255 2319 1298 2343 ea
1324 2308 1367 2343 de
1381 2308 1474 2343 rein
1492 2308 1617 2345 animo
1641 2312 1733 2351 erat,
1757 2311 1863 2346 cuius

235 2380 281 2405 ex
313 2365 490 2413 analogia
523 2365 746 2402 vocabulum
777 2366 882 2403 caede
911 2378 980 2413 pro
1008 2377 1046 2403 re
1077 2365 1291 2408 substituit;
1325 2364 1370 2404 cf.
1403 2366 1518 2402 etiam
1542 2366 1586 2402 A.
1610 2366 1640 2410 I,
1665 2368 1698 2410 6,
1723 2368 1746 2404 3
1769 2368 1864 2405 nihil

233 2428 278 2464 de
301 2438 344 2464 ea
367 2438 416 2463 re.
464 2424 648 2461 Similiter
672 2436 714 2461 ea
738 2436 847 2471 super
870 2437 907 2462 re
932 2426 971 2461 in
988 2425 1032 2460 A.
1056 2425 1121 2469 XI,
1145 2425 1201 2466 23,
1227 2424 1261 2467 4,
1287 2436 1371 2460 cum
1392 2435 1499 2470 super
1521 2436 1563 2462 ea
1586 2437 1625 2462 re
1648 2427 1797 2473 legatur
1821 2428 1862 2463 in

233 2486 276 2519 A.
295 2485 358 2526 VI,
380 2485 411 2526 1,
431 2483 469 2525 13
488 2482 545 2524 21,
564 2482 601 2524 93
626 2482 860 2528 (quibuscum
881 2482 1109 2519 conferenda
1126 2484 1232 2518 sunt:
1257 2483 1299 2518 A.
1317 2482 1364 2524 Π,
1381 2484 1437 2525 35,
1462 2484 1484 2519 2
1507 2494 1617 2527 super
1638 2494 1677 2520 eo
1699 2485 1862 2531 περοὺίω

234 2544 298 2586 VI,
324 2543 381 2585 34,
405 2543 429 2577 4
452 2553 562 2589 super
584 2553 623 2578 eo
648 2543 824 2579 miraculo
830 2557 843 2588 ;
868 2542 949 2584 XV,
974 2543 1030 2584 36,
1057 2543 1078 2577 5
1103 2552 1211 2587 super
1234 2553 1277 2578 ea
1300 2542 1540 2588 profectione).
1573 2542 1728 2579 Nullum
1754 2555 1863 2590 prae-

231 2604 337 2639 terea
360 2600 574 2647 exemplum
599 2600 793 2638 Taciteum
817 2603 1050 2647 compertum
1074 2600 1211 2643 habeo,
1241 2601 1306 2637 sed
1336 2601 1427 2638 satis
1451 2613 1632 2648 magnum
1656 2614 1862 2646 numerum,

232 2662 272 2696 in
307 2660 443 2705 quibus
473 2670 675 2704 pronomen
706 2659 1025 2705 praepositionem
1062 2657 1261 2703 sequitur:
1297 2660 1339 2694 Η.
1366 2661 1430 2701 IV,
1454 2661 1514 2702 48,
1541 2662 1561 2696 7
1585 2662 1694 2697 misso
1720 2662 1760 2697 in
1783 2673 1862 2698 eam

232 2731 304 2756 rem
327 2719 465 2766 leyato;
497 2717 555 2760 50,
580 2718 602 2753 6
626 2718 668 2753 in
692 2728 770 2754 eam
795 2717 938 2754 caedem
963 2717 1158 2763 deleqerat5
1187 2718 1230 2753 A.
1261 2718 1338 2762 XV,
1364 2719 1397 2761 5,
1423 2720 1445 2754 6
1470 2720 1511 2755 in
1542 2730 1621 2755 eam
1650 2720 1861 2766 legationem

234 2775 404 2818 delectu&
429 2775 471 2809 G.
498 2776 555 2816 29,
581 2776 619 2819 33
651 2776 695 2809 A.
720 2775 821 2816 XIII,
848 2775 904 2816 51,
931 2775 972 2816 63
1010 2776 1067 2815 36,
1093 2775 1156 2817 133
1192 2776 1271 2817 XV,
1297 2777 1329 2817 5,
1355 2777 1393 2818 6;
1431 2778 1490 2821 45,
1514 2777 1556 2814 7;
1584 2776 1683 2818 XVI,
1702 2775 1766 2818 '35,
1791 2777 1814 2812 8
1840 2779 1862 2820 †

232 2833 273 2867 in
298 2843 339 2867 ea
365 2835 523 2878 tempora
546 2837 658 2868 natus
686 2844 733 2869 es.
785 2832 969 2878 Exempla
1005 2844 1050 2869 ex
1085 2832 1243 2869 aliarum
1276 2832 1596 2880 praepositionum
1628 2846 1698 2870 usu
1730 2835 1862 2882 augeri

233 2892 397 2935 possunt,
423 2892 489 2927 sed
513 2891 605 2927 haec
629 2892 706 2927 iam
731 2891 930 2927 sufficiant.
